<?xml version="1.0" encoding="UTF-8"?>
<!DOCTYPE html PUBLIC "-//W3C//DTD XHTML 1.0 Transitional//EN"
    "http://www.w3.org/TR/xhtml1/DTD/xhtml1-transitional.dtd">
<html xmlns="http://www.w3.org/1999/xhtml" xml:lang="en" lang="en">
 <head>
  <title>
</title>
<meta http-equiv="Content-Type" content="text/html;charset=utf-8" />
  <meta name='ocr-system' content='tesseract 3.04.00' />
  <meta name='ocr-capabilities' content='ocr_page ocr_carea ocr_par ocr_line ocrx_word'/>
</head>
<body>
  <div class='ocr_page' id='page_1' title='image "./defunerepublico00vollgoog_0029.png"; bbox 0 0 3006 5152; ppageno 0'>
   <div class='ocr_carea' id='block_1_1' title="bbox 618 285 932 342">
    <p class='ocr_par' dir='ltr' id='par_1_1' title="bbox 618 285 932 342">
     <span class='ocr_line' id='line_1_1' title="bbox 618 285 932 342; baseline -0.006 -2"><span class='ocrx_word' id='word_1_1' title='bbox 618 287 775 342; x_wconf 80' lang='lat' dir='ltr'><strong>Fridericus</strong></span> <span class='ocrx_word' id='word_1_2' title='bbox 793 285 932 340; x_wconf 87' lang='lat' dir='ltr'><strong>Vollmer:</strong></span> 
     </span>
    </p>
   </div>
   <div class='ocr_carea' id='block_1_2' title="bbox 368 509 1189 594">
    <p class='ocr_par' dir='ltr' id='par_1_2' title="bbox 368 509 1189 594">
     <span class='ocr_line' id='line_1_2' title="bbox 368 509 1189 594; baseline -0.01 -22"><span class='ocrx_word' id='word_1_3' title='bbox 368 516 443 572; x_wconf 85' lang='lat' dir='ltr'><strong>VII.</strong></span> <span class='ocrx_word' id='word_1_4' title='bbox 474 517 523 570; x_wconf 90' lang='lat' dir='ltr'><strong>De</strong></span> <span class='ocrx_word' id='word_1_5' title='bbox 547 513 725 594; x_wconf 77' lang='lat' dir='ltr'><strong>timoribus</strong></span> <span class='ocrx_word' id='word_1_6' title='bbox 748 511 894 582; x_wconf 90' lang='lat' dir='ltr'><strong>publicis</strong></span> <span class='ocrx_word' id='word_1_7' title='bbox 917 509 1189 579; x_wconf 78' lang='lat' dir='ltr'><strong>municipalibus.</strong></span> 
     </span>
    </p>
   </div>
   <div class='ocr_carea' id='block_1_3' title="bbox 127 630 1371 2410">
    <p class='ocr_par' dir='ltr' id='par_1_3' title="bbox 127 630 1367 1516">
     <span class='ocr_line' id='line_1_3' title="bbox 282 630 1363 714; baseline -0.009 -16"><span class='ocrx_word' id='word_1_8' title='bbox 282 639 406 714; x_wconf 82' lang='lat' dir='ltr'><strong>Saepius</strong></span> <span class='ocrx_word' id='word_1_9' title='bbox 424 639 484 696; x_wconf 88' lang='lat' dir='ltr'><strong>iam</strong></span> <span class='ocrx_word' id='word_1_10' title='bbox 504 636 632 694; x_wconf 83' lang='lat' dir='ltr'><strong>diximus</strong></span> <span class='ocrx_word' id='word_1_11' title='bbox 651 635 814 694; x_wconf 88' lang='lat' dir='ltr'><strong>secundum</strong></span> <span class='ocrx_word' id='word_1_12' title='bbox 834 633 970 708; x_wconf 89' lang='lat' dir='ltr'><strong>exempla</strong></span> <span class='ocrx_word' id='word_1_13' title='bbox 988 632 1123 690; x_wconf 85' lang='lat' dir='ltr'><strong>Romana</strong></span> <span class='ocrx_word' id='word_1_14' title='bbox 1141 630 1233 689; x_wconf 89' lang='lat' dir='ltr'><strong>etiam</strong></span> <span class='ocrx_word' id='word_1_15' title='bbox 1250 631 1281 688; x_wconf 90' lang='lat' dir='ltr'><strong>in</strong></span> <span class='ocrx_word' id='word_1_16' title='bbox 1301 652 1363 689; x_wconf 90' lang='lat' dir='ltr'><strong>mu-</strong></span> 
     </span>
     <span class='ocr_line' id='line_1_4' title="bbox 192 711 1363 805; baseline -0.009 -17"><span class='ocrx_word' id='word_1_17' title='bbox 192 729 308 805; x_wconf 87' lang='lat' dir='ltr'><strong>nicipiis</strong></span> <span class='ocrx_word' id='word_1_18' title='bbox 328 729 448 787; x_wconf 86' lang='lat' dir='ltr'><strong>decreta</strong></span> <span class='ocrx_word' id='word_1_19' title='bbox 467 745 532 785; x_wconf 89' lang='lat' dir='ltr'><strong>csse</strong></span> <span class='ocrx_word' id='word_1_20' title='bbox 550 726 658 784; x_wconf 89' lang='lat' dir='ltr'><strong>funera</strong></span> <span class='ocrx_word' id='word_1_21' title='bbox 675 724 802 798; x_wconf 89' lang='lat' dir='ltr'><strong>publica.</strong></span> <span class='ocrx_word' id='word_1_22' title='bbox 840 722 947 798; x_wconf 91' lang='lat' dir='ltr'><strong>Itaque</strong></span> <span class='ocrx_word' id='word_1_23' title='bbox 962 719 1107 796; x_wconf 83' lang='lat' dir='ltr'><strong>Apuleius</strong></span> <span class='ocrx_word' id='word_1_24' title='bbox 1114 711 1139 800; x_wconf 87' lang='lat'><strong>¹)</strong></span> <span class='ocrx_word' id='word_1_25' title='bbox 1159 721 1258 794; x_wconf 91' lang='lat' dir='ltr'><strong>potuit</strong></span> <span class='ocrx_word' id='word_1_26' title='bbox 1276 719 1363 779; x_wconf 93' lang='lat' dir='ltr'><strong>indu-</strong></span> 
     </span>
     <span class='ocr_line' id='line_1_5' title="bbox 192 805 1364 894; baseline -0.008 -17"><span class='ocrx_word' id='word_1_27' title='bbox 192 838 257 878; x_wconf 89' lang='lat' dir='ltr'><strong>cere</strong></span> <span class='ocrx_word' id='word_1_28' title='bbox 290 818 511 894; x_wconf 82' lang='lat' dir='ltr'><strong>Telyphronem</strong></span> <span class='ocrx_word' id='word_1_29' title='bbox 542 815 716 873; x_wconf 89' lang='lat' dir='ltr'><strong>Larisaeum</strong></span> <span class='ocrx_word' id='word_1_30' title='bbox 748 813 920 871; x_wconf 88' lang='lat' dir='ltr'><strong>narrantem</strong></span> <span class='ocrx_word' id='word_1_31' title='bbox 952 805 1030 869; x_wconf 77' lang='lat' dir='ltr'><strong>‘ecee</strong></span> <span class='ocrx_word' id='word_1_32' title='bbox 1061 809 1121 868; x_wconf 88' lang='lat' dir='ltr'><strong>iam</strong></span> <span class='ocrx_word' id='word_1_33' title='bbox 1153 810 1192 868; x_wconf 92' lang='lat' dir='ltr'><strong>ad</strong></span> <span class='ocrx_word' id='word_1_34' title='bbox 1223 809 1364 868; x_wconf 88' lang='lat' dir='ltr'><strong>ultimum</strong></span> 
     </span>
     <span class='ocr_line' id='line_1_6' title="bbox 195 899 1364 982; baseline -0.008 -16"><span class='ocrx_word' id='word_1_35' title='bbox 195 909 321 966; x_wconf 89' lang='lat' dir='ltr'><strong>defletus</strong></span> <span class='ocrx_word' id='word_1_36' title='bbox 341 908 431 982; x_wconf 89' lang='lat' dir='ltr'><strong>atque</strong></span> <span class='ocrx_word' id='word_1_37' title='bbox 445 905 647 964; x_wconf 87' lang='lat' dir='ltr'><strong>conclamatus</strong></span> <span class='ocrx_word' id='word_1_38' title='bbox 662 904 847 978; x_wconf 74' lang='lat' dir='ltr'>processerat</span> <span class='ocrx_word' id='word_1_39' title='bbox 860 903 999 959; x_wconf 88' lang='lat' dir='ltr'><strong>mortuus</strong></span> <span class='ocrx_word' id='word_1_40' title='bbox 1012 899 1133 976; x_wconf 90' lang='lat' dir='ltr'><strong>rituque</strong></span> <span class='ocrx_word' id='word_1_41' title='bbox 1147 900 1245 974; x_wconf 87' lang='lat' dir='ltr'><strong>patrio</strong></span> <span class='ocrx_word' id='word_1_42' title='bbox 1258 901 1364 974; x_wconf 90' lang='lat' dir='ltr'><strong>utpote</strong></span> 
     </span>
     <span class='ocr_line' id='line_1_7' title="bbox 193 979 1366 1070; baseline -0.009 -15"><span class='ocrx_word' id='word_1_43' title='bbox 193 1015 272 1054; x_wconf 90' lang='lat' dir='ltr'><strong>unus</strong></span> <span class='ocrx_word' id='word_1_44' title='bbox 291 995 327 1054; x_wconf 88' lang='lat' dir='ltr'><strong>de</strong></span> <span class='ocrx_word' id='word_1_45' title='bbox 347 994 541 1070; x_wconf 79' lang='lat' dir='ltr'><strong>optimatibus</strong></span> <span class='ocrx_word' id='word_1_46' title='bbox 560 1012 668 1070; x_wconf 90' lang='lat' dir='ltr'><strong>pompa</strong></span> <span class='ocrx_word' id='word_1_47' title='bbox 686 991 799 1050; x_wconf 89' lang='lat' dir='ltr'><strong>funeris</strong></span> <span class='ocrx_word' id='word_1_48' title='bbox 818 990 931 1066; x_wconf 82' lang='lat' dir='ltr'><strong>publici</strong></span> <span class='ocrx_word' id='word_1_49' title='bbox 949 989 1128 1048; x_wconf 85' lang='lat' dir='ltr'><strong>ductabatur</strong></span> <span class='ocrx_word' id='word_1_50' title='bbox 1146 1007 1200 1064; x_wconf 93' lang='lat' dir='ltr'><strong>per</strong></span> <span class='ocrx_word' id='word_1_51' title='bbox 1213 979 1366 1068; x_wconf 60' lang='lat' dir='ltr'><strong>forunli)</strong></span> 
     </span>
     <span class='ocr_line' id='line_1_8' title="bbox 194 1076 1366 1158; baseline -0.008 -13"><span class='ocrx_word' id='word_1_52' title='bbox 194 1085 276 1144; x_wconf 85' lang='lat' dir='ltr'><strong>Haec</strong></span> <span class='ocrx_word' id='word_1_53' title='bbox 294 1086 400 1143; x_wconf 89' lang='lat' dir='ltr'><strong>funera</strong></span> <span class='ocrx_word' id='word_1_54' title='bbox 419 1084 457 1142; x_wconf 89' lang='lat' dir='ltr'><strong>ab</strong></span> <span class='ocrx_word' id='word_1_55' title='bbox 476 1083 549 1158; x_wconf 89' lang='lat' dir='ltr'><strong>ipsis</strong></span> <span class='ocrx_word' id='word_1_56' title='bbox 569 1081 798 1158; x_wconf 79' lang='lat' dir='ltr'><strong>municipiorum</strong></span> <span class='ocrx_word' id='word_1_57' title='bbox 817 1078 970 1138; x_wconf 83' lang='lat' dir='ltr'><strong>ordinibus</strong></span> <span class='ocrx_word' id='word_1_58' title='bbox 989 1076 1110 1136; x_wconf 86' lang='lat' dir='ltr'><strong>decreta</strong></span> <span class='ocrx_word' id='word_1_59' title='bbox 1128 1080 1158 1136; x_wconf 90' lang='lat' dir='ltr'><strong>et</strong></span> <span class='ocrx_word' id='word_1_60' title='bbox 1177 1077 1366 1153; x_wconf 88' lang='lat' dir='ltr'><strong>amagistra-</strong></span> 
     </span>
     <span class='ocr_line' id='line_1_9' title="bbox 127 1165 1367 1248; baseline -0.006 -16"><span class='ocrx_word' id='word_1_61' title='bbox 127 1223 131 1232; x_wconf 93' lang='lat'><strong>.</strong></span> <span class='ocrx_word' id='word_1_62' title='bbox 194 1175 275 1233; x_wconf 91' lang='lat' dir='ltr'><strong>tibus</strong></span> <span class='ocrx_word' id='word_1_63' title='bbox 294 1172 523 1248; x_wconf 82' lang='lat' dir='ltr'><strong>municipalibus</strong></span> <span class='ocrx_word' id='word_1_64' title='bbox 543 1172 633 1230; x_wconf 88' lang='lat' dir='ltr'><strong>ducta</strong></span> <span class='ocrx_word' id='word_1_65' title='bbox 657 1189 723 1230; x_wconf 89' lang='lat' dir='ltr'><strong>esse</strong></span> <span class='ocrx_word' id='word_1_66' title='bbox 746 1171 979 1229; x_wconf 88' lang='lat' dir='ltr'><strong>consentaneum</strong></span> <span class='ocrx_word' id='word_1_67' title='bbox 999 1169 1051 1226; x_wconf 89' lang='lat' dir='ltr'><strong>est.</strong></span> <span class='ocrx_word' id='word_1_68' title='bbox 1089 1165 1175 1236; x_wconf 83' lang='lat' dir='ltr'><strong>Quod</strong></span> <span class='ocrx_word' id='word_1_69' title='bbox 1200 1167 1239 1225; x_wconf 88' lang='lat' dir='ltr'><strong>ad</strong></span> <span class='ocrx_word' id='word_1_70' title='bbox 1262 1167 1367 1225; x_wconf 84' lang='lat' dir='ltr'><strong>funera</strong></span> 
     </span>
     <span class='ocr_line' id='line_1_10' title="bbox 195 1254 1367 1340; baseline -0.008 -18"><span class='ocrx_word' id='word_1_71' title='bbox 195 1263 340 1340; x_wconf 81' lang='lat' dir='ltr'><strong>Syphacis</strong></span> <span class='ocrx_word' id='word_1_72' title='bbox 355 1264 386 1321; x_wconf 90' lang='lat' dir='ltr'><strong>et</strong></span> <span class='ocrx_word' id='word_1_73' title='bbox 399 1261 501 1320; x_wconf 89' lang='lat' dir='ltr'><strong>Persei</strong></span> <span class='ocrx_word' id='word_1_74' title='bbox 514 1279 620 1336; x_wconf 87' lang='lat' dir='ltr'><strong>regum</strong></span> <span class='ocrx_word' id='word_1_75' title='bbox 634 1260 752 1336; x_wconf 90' lang='lat' dir='ltr'><strong>publice</strong></span> <span class='ocrx_word' id='word_1_76' title='bbox 767 1259 901 1318; x_wconf 89' lang='lat' dir='ltr'><strong>ducenda</strong></span> <span class='ocrx_word' id='word_1_77' title='bbox 915 1259 1090 1333; x_wconf 75' lang='lat' dir='ltr'><strong>quaestores</strong></span> <span class='ocrx_word' id='word_1_78' title='bbox 1100 1255 1195 1314; x_wconf 86' lang='lat' dir='ltr'><strong>Tibur</strong></span> <span class='ocrx_word' id='word_1_79' title='bbox 1209 1258 1239 1314; x_wconf 92' lang='lat' dir='ltr'><strong>et</strong></span> <span class='ocrx_word' id='word_1_80' title='bbox 1248 1254 1367 1332; x_wconf 88' lang='lat' dir='ltr'><strong>Albam,</strong></span> 
     </span>
     <span class='ocr_line' id='line_1_11' title="bbox 196 1345 1367 1429; baseline -0.006 -19"><span class='ocrx_word' id='word_1_81' title='bbox 196 1353 305 1429; x_wconf 90' lang='lat' dir='ltr'><strong>quibus</strong></span> <span class='ocrx_word' id='word_1_82' title='bbox 324 1352 355 1410; x_wconf 91' lang='lat' dir='ltr'><strong>in</strong></span> <span class='ocrx_word' id='word_1_83' title='bbox 374 1350 490 1426; x_wconf 86' lang='lat' dir='ltr'><strong>oppidis</strong></span> <span class='ocrx_word' id='word_1_84' title='bbox 510 1349 622 1426; x_wconf 88' lang='lat' dir='ltr'><strong>captivi</strong></span> <span class='ocrx_word' id='word_1_85' title='bbox 640 1348 847 1422; x_wconf 85' lang='lat' dir='ltr'><strong>versabantur,</strong></span> <span class='ocrx_word' id='word_1_86' title='bbox 871 1366 889 1406; x_wconf 92' lang='lat' dir='ltr'><strong>a</strong></span> <span class='ocrx_word' id='word_1_87' title='bbox 908 1349 1014 1406; x_wconf 88' lang='lat' dir='ltr'><strong>senatu</strong></span> <span class='ocrx_word' id='word_1_88' title='bbox 1032 1346 1165 1405; x_wconf 86' lang='lat' dir='ltr'><strong>Romano</strong></span> <span class='ocrx_word' id='word_1_89' title='bbox 1185 1345 1269 1404; x_wconf 90' lang='lat' dir='ltr'><strong>missi</strong></span> <span class='ocrx_word' id='word_1_90' title='bbox 1288 1348 1367 1419; x_wconf 91' lang='lat' dir='ltr'><strong>sunt,</strong></span> 
     </span>
     <span class='ocr_line' id='line_1_12' title="bbox 194 1427 992 1516; baseline -0.006 -16"><span class='ocrx_word' id='word_1_91' title='bbox 194 1443 254 1500; x_wconf 88' lang='lat' dir='ltr'><strong>ianr</strong></span> <span class='ocrx_word' id='word_1_92' title='bbox 274 1441 440 1499; x_wconf 89' lang='lat' dir='ltr'><strong>monuimus</strong></span> <span class='ocrx_word' id='word_1_93' title='bbox 460 1459 496 1497; x_wconf 90' lang='lat' dir='ltr'><strong>ea</strong></span> <span class='ocrx_word' id='word_1_94' title='bbox 514 1439 701 1516; x_wconf 87' lang='lat' dir='ltr'><strong>segreganda</strong></span> <span class='ocrx_word' id='word_1_95' title='bbox 720 1455 785 1496; x_wconf 90' lang='lat' dir='ltr'><strong>esse</strong></span> <span class='ocrx_word' id='word_1_96' title='bbox 804 1456 822 1495; x_wconf 92' lang='lat' dir='ltr'><strong>a</strong></span> <span class='ocrx_word' id='word_1_97' title='bbox 841 1427 992 1514; x_wconf 76' lang='lat' dir='ltr'><strong>ceteris³)</strong></span> 
     </span>
    </p>

    <p class='ocr_par' dir='ltr' id='par_1_4' title="bbox 196 1523 1370 1961">
     <span class='ocr_line' id='line_1_13' title="bbox 284 1523 1368 1606; baseline -0.004 -20"><span class='ocrx_word' id='word_1_98' title='bbox 284 1529 535 1604; x_wconf 86' lang='lat' dir='ltr'><strong>Antiquissimum</strong></span> <span class='ocrx_word' id='word_1_99' title='bbox 554 1527 668 1586; x_wconf 81' lang='lat' dir='ltr'><strong>funeris</strong></span> <span class='ocrx_word' id='word_1_100' title='bbox 686 1526 799 1602; x_wconf 87' lang='lat' dir='ltr'><strong>publici</strong></span> <span class='ocrx_word' id='word_1_101' title='bbox 814 1529 898 1585; x_wconf 90' lang='lat' dir='ltr'><strong>extra</strong></span> <span class='ocrx_word' id='word_1_102' title='bbox 916 1524 1020 1584; x_wconf 86' lang='lat' dir='ltr'><strong>urbem</strong></span> <span class='ocrx_word' id='word_1_103' title='bbox 1039 1523 1165 1606; x_wconf 80' lang='lat' dir='ltr'><strong>Romam</strong></span> <span class='ocrx_word' id='word_1_104' title='bbox 1182 1523 1256 1583; x_wconf 79' lang='lat' dir='ltr'><strong>iacti</strong></span> <span class='ocrx_word' id='word_1_105' title='bbox 1270 1543 1368 1583; x_wconf 84' lang='lat' dir='ltr'><strong>exem-</strong></span> 
     </span>
     <span class='ocr_line' id='line_1_14' title="bbox 196 1609 1368 1694; baseline -0.004 -17"><span class='ocrx_word' id='word_1_106' title='bbox 196 1621 278 1694; x_wconf 90' lang='lat' dir='ltr'><strong>plum</strong></span> <span class='ocrx_word' id='word_1_107' title='bbox 302 1620 348 1676; x_wconf 94' lang='lat' dir='ltr'><strong>est</strong></span> <span class='ocrx_word' id='word_1_108' title='bbox 371 1616 402 1676; x_wconf 87' lang='lat' dir='ltr'><strong>O.</strong></span> <span class='ocrx_word' id='word_1_109' title='bbox 426 1617 532 1676; x_wconf 87' lang='lat' dir='ltr'><strong>Lucilii</strong></span> <span class='ocrx_word' id='word_1_110' title='bbox 551 1619 657 1692; x_wconf 89' lang='lat' dir='ltr'><strong>poetae</strong></span> <span class='ocrx_word' id='word_1_111' title='bbox 675 1635 700 1675; x_wconf 89' lang='lat' dir='ltr'><strong>a.</strong></span> <span class='ocrx_word' id='word_1_112' title='bbox 727 1609 865 1678; x_wconf 66' lang='lat' dir='ltr'><strong>651l103</strong></span> <span class='ocrx_word' id='word_1_113' title='bbox 891 1613 1019 1690; x_wconf 87' lang='lat' dir='ltr'><strong>Neapoli</strong></span> <span class='ocrx_word' id='word_1_114' title='bbox 1046 1613 1165 1688; x_wconf 92' lang='lat' dir='ltr'><strong>publice</strong></span> <span class='ocrx_word' id='word_1_115' title='bbox 1194 1613 1275 1689; x_wconf 84' lang='lat' dir='ltr'><strong>elati,</strong></span> <span class='ocrx_word' id='word_1_116' title='bbox 1297 1612 1368 1672; x_wconf 92' lang='lat' dir='ltr'><strong>dum</strong></span> 
     </span>
     <span class='ocr_line' id='line_1_15' title="bbox 197 1697 1369 1786; baseline -0.003 -21"><span class='ocrx_word' id='word_1_117' title='bbox 197 1708 283 1765; x_wconf 89' lang='lat' dir='ltr'><strong>modo</strong></span> <span class='ocrx_word' id='word_1_118' title='bbox 303 1697 548 1766; x_wconf 68' lang='lat' dir='ltr'><strong>recte‘traditum</strong></span> <span class='ocrx_word' id='word_1_119' title='bbox 568 1697 648 1786; x_wconf 71' lang='lat' dir='ltr'><strong>sit.4)</strong></span> <span class='ocrx_word' id='word_1_120' title='bbox 680 1705 753 1764; x_wconf 92' lang='lat' dir='ltr'><strong>Inde</strong></span> <span class='ocrx_word' id='word_1_121' title='bbox 772 1705 810 1764; x_wconf 88' lang='lat' dir='ltr'><strong>ab</strong></span> <span class='ocrx_word' id='word_1_122' title='bbox 825 1704 965 1782; x_wconf 86' lang='lat' dir='ltr'><strong>Augusto</strong></span> <span class='ocrx_word' id='word_1_123' title='bbox 984 1703 1015 1760; x_wconf 88' lang='lat' dir='ltr'><strong>in</strong></span> <span class='ocrx_word' id='word_1_124' title='bbox 1030 1702 1198 1778; x_wconf 87' lang='lat' dir='ltr'><strong>municipiis</strong></span> <span class='ocrx_word' id='word_1_125' title='bbox 1212 1702 1318 1762; x_wconf 89' lang='lat' dir='ltr'><strong>Italiae</strong></span> <span class='ocrx_word' id='word_1_126' title='bbox 1338 1707 1369 1762; x_wconf 91' lang='lat' dir='ltr'><strong>et</strong></span> 
     </span>
     <span class='ocr_line' id='line_1_16' title="bbox 199 1792 1370 1872; baseline -0.003 -18"><span class='ocrx_word' id='word_1_127' title='bbox 199 1797 420 1872; x_wconf 85' lang='lat' dir='ltr'><strong>provinciarum</strong></span> <span class='ocrx_word' id='word_1_128' title='bbox 439 1796 563 1854; x_wconf 89' lang='lat' dir='ltr'><strong>urbibus</strong></span> <span class='ocrx_word' id='word_1_129' title='bbox 582 1793 726 1854; x_wconf 88' lang='lat' dir='ltr'><strong>honorem</strong></span> <span class='ocrx_word' id='word_1_130' title='bbox 745 1813 931 1869; x_wconf 88' lang='lat' dir='ltr'><strong>communem</strong></span> <span class='ocrx_word' id='word_1_131' title='bbox 950 1792 1041 1852; x_wconf 84' lang='lat' dir='ltr'><strong>fuisse</strong></span> <span class='ocrx_word' id='word_1_132' title='bbox 1066 1795 1097 1851; x_wconf 91' lang='lat' dir='ltr'><strong>et</strong></span> <span class='ocrx_word' id='word_1_133' title='bbox 1119 1792 1256 1851; x_wconf 91' lang='lat' dir='ltr'><strong>crebrum</strong></span> <span class='ocrx_word' id='word_1_134' title='bbox 1282 1793 1370 1851; x_wconf 91' lang='lat' dir='ltr'><strong>multi</strong></span> 
     </span>
     <span class='ocr_line' id='line_1_17' title="bbox 196 1883 914 1961; baseline -0.004 -19"><span class='ocrx_word' id='word_1_135' title='bbox 196 1885 279 1943; x_wconf 92' lang='lat' dir='ltr'><strong>tituli</strong></span> <span class='ocrx_word' id='word_1_136' title='bbox 298 1886 413 1961; x_wconf 86' lang='lat' dir='ltr'><strong>docent,</strong></span> <span class='ocrx_word' id='word_1_137' title='bbox 433 1903 505 1960; x_wconf 93' lang='lat' dir='ltr'><strong>quos</strong></span> <span class='ocrx_word' id='word_1_138' title='bbox 524 1885 556 1942; x_wconf 91' lang='lat' dir='ltr'><strong>in</strong></span> <span class='ocrx_word' id='word_1_139' title='bbox 574 1884 736 1960; x_wconf 86' lang='lat' dir='ltr'><strong>appendice</strong></span> <span class='ocrx_word' id='word_1_140' title='bbox 755 1883 914 1958; x_wconf 90' lang='lat' dir='ltr'><strong>composui.</strong></span> 
     </span>
    </p>

    <p class='ocr_par' dir='ltr' id='par_1_5' title="bbox 197 1969 1371 2410">
     <span class='ocr_line' id='line_1_18' title="bbox 286 1969 1371 2049; baseline -0.002 -18"><span class='ocrx_word' id='word_1_141' title='bbox 286 1974 415 2032; x_wconf 88' lang='lat' dir='ltr'><strong>Decreta</strong></span> <span class='ocrx_word' id='word_1_142' title='bbox 432 1973 524 2032; x_wconf 83' lang='lat' dir='ltr'><strong>variis</strong></span> <span class='ocrx_word' id='word_1_143' title='bbox 542 1973 573 2031; x_wconf 90' lang='lat' dir='ltr'><strong>in</strong></span> <span class='ocrx_word' id='word_1_144' title='bbox 592 1973 752 2049; x_wconf 82' lang='lat' dir='ltr'><strong>provinciis</strong></span> <span class='ocrx_word' id='word_1_145' title='bbox 771 1971 1025 2032; x_wconf 33' lang='lat' dir='ltr'><strong>variavtestaneur</strong></span> <span class='ocrx_word' id='word_1_146' title='bbox 1040 1970 1142 2029; x_wconf 86' lang='lat' dir='ltr'><strong>verba.</strong></span> <span class='ocrx_word' id='word_1_147' title='bbox 1169 1970 1204 2028; x_wconf 95' lang='lat' dir='ltr'><strong>In</strong></span> <span class='ocrx_word' id='word_1_148' title='bbox 1223 1969 1371 2045; x_wconf 88' lang='lat' dir='ltr'><strong>Hispania</strong></span> 
     </span>
     <span class='ocr_line' id='line_1_19' title="bbox 197 2056 1370 2138; baseline -0.002 -18"><span class='ocrx_word' id='word_1_149' title='bbox 197 2064 327 2122; x_wconf 89' lang='lat' dir='ltr'><strong>formula</strong></span> <span class='ocrx_word' id='word_1_150' title='bbox 351 2063 474 2138; x_wconf 88' lang='lat' dir='ltr'><strong>volgata</strong></span> <span class='ocrx_word' id='word_1_151' title='bbox 498 2066 544 2122; x_wconf 90' lang='lat' dir='ltr'><strong>est</strong></span> <span class='ocrx_word' id='word_1_152' title='bbox 562 2056 643 2120; x_wconf 78' lang='lat' dir='ltr'><strong>‘huie</strong></span> <span class='ocrx_word' id='word_1_153' title='bbox 662 2061 733 2121; x_wconf 91' lang='lat' dir='ltr'><strong>ordo</strong></span> <span class='ocrx_word' id='word_1_154' title='bbox 744 2108 750 2120; x_wconf 89' lang='lat'><strong>.</strong></span> <span class='ocrx_word' id='word_1_155' title='bbox 762 2107 768 2119; x_wconf 92' lang='lat'><strong>.</strong></span> <span class='ocrx_word' id='word_1_156' title='bbox 780 2107 804 2121; x_wconf 91' lang='lat'><strong>..</strong></span> <span class='ocrx_word' id='word_1_157' title='bbox 823 2062 988 2136; x_wconf 88' lang='lat' dir='ltr'><strong>impensam</strong></span> <span class='ocrx_word' id='word_1_158' title='bbox 1011 2059 1134 2135; x_wconf 84' lang='lat' dir='ltr'><strong>funeris,</strong></span> <span class='ocrx_word' id='word_1_159' title='bbox 1158 2059 1370 2137; x_wconf 86' lang='lat' dir='ltr'><strong>laudationem,</strong></span> 
     </span>
     <span class='ocr_line' id='line_1_20' title="bbox 199 2143 1371 2228; baseline -0.003 -18"><span class='ocrx_word' id='word_1_160' title='bbox 199 2153 297 2210; x_wconf 91' lang='lat' dir='ltr'><strong>locum</strong></span> <span class='ocrx_word' id='word_1_161' title='bbox 325 2152 510 2228; x_wconf 85' lang='lat' dir='ltr'><strong>sepulturae,</strong></span> <span class='ocrx_word' id='word_1_162' title='bbox 534 2153 666 2210; x_wconf 87' lang='lat' dir='ltr'><strong>statuam</strong></span> <span class='ocrx_word' id='word_1_163' title='bbox 689 2143 848 2224; x_wconf 78' lang='lat' dir='ltr'><strong>decrevit&#39;3</strong></span> <span class='ocrx_word' id='word_1_164' title='bbox 878 2151 950 2208; x_wconf 89' lang='lat' dir='ltr'><strong>ordo</strong></span> <span class='ocrx_word' id='word_1_165' title='bbox 978 2157 1078 2208; x_wconf 89' lang='lat' dir='ltr'><strong>tamen</strong></span> <span class='ocrx_word' id='word_1_166' title='bbox 1101 2149 1247 2208; x_wconf 88' lang='lat' dir='ltr'><strong>naturalis</strong></span> <span class='ocrx_word' id='word_1_167' title='bbox 1271 2168 1371 2208; x_wconf 88' lang='lat' dir='ltr'><strong>rerum</strong></span> 
     </span>
     <span class='ocr_line' id='line_1_21' title="bbox 199 2231 1370 2316; baseline -0.001 -18"><span class='ocrx_word' id='word_1_168' title='bbox 199 2241 351 2299; x_wconf 89' lang='lat' dir='ltr'><strong>interdum</strong></span> <span class='ocrx_word' id='word_1_169' title='bbox 379 2241 558 2316; x_wconf 83' lang='lat' dir='ltr'><strong>neglegitur.</strong></span> <span class='ocrx_word' id='word_1_170' title='bbox 600 2240 659 2298; x_wconf 84' lang='lat' dir='ltr'><strong>Ter</strong></span> <span class='ocrx_word' id='word_1_171' title='bbox 687 2239 809 2298; x_wconf 85' lang='lat' dir='ltr'><strong>additur</strong></span> <span class='ocrx_word' id='word_1_172' title='bbox 838 2233 1005 2316; x_wconf 71' lang='lat' dir='ltr'><strong>‘exsequias</strong></span> <span class='ocrx_word' id='word_1_173' title='bbox 1033 2231 1180 2312; x_wconf 84' lang='lat' dir='ltr'><strong>publicus&#39;</strong></span> <span class='ocrx_word' id='word_1_174' title='bbox 1203 2239 1252 2298; x_wconf 84' lang='lat' dir='ltr'><strong>vel</strong></span> <span class='ocrx_word' id='word_1_175' title='bbox 1276 2233 1370 2297; x_wconf 69' lang='lat' dir='ltr'><strong>‘exse-</strong></span> 
     </span>
     <span class='ocr_line' id='line_1_22' title="bbox 198 2318 1370 2410; baseline 0.001 -24"><span class='ocrx_word' id='word_1_176' title='bbox 198 2321 339 2410; x_wconf 73' lang='lat' dir='ltr'><strong>quias’.⁵)</strong></span> <span class='ocrx_word' id='word_1_177' title='bbox 365 2329 452 2388; x_wconf 90' lang='lat' dir='ltr'><strong>Aliae</strong></span> <span class='ocrx_word' id='word_1_178' title='bbox 468 2329 614 2389; x_wconf 90' lang='lat' dir='ltr'><strong>formulae</strong></span> <span class='ocrx_word' id='word_1_179' title='bbox 623 2329 764 2389; x_wconf 82' lang='lat' dir='ltr'><strong>videntur</strong></span> <span class='ocrx_word' id='word_1_180' title='bbox 779 2329 928 2388; x_wconf 85' lang='lat' dir='ltr'><strong>exstitisse</strong></span> <span class='ocrx_word' id='word_1_181' title='bbox 943 2328 974 2386; x_wconf 93' lang='lat' dir='ltr'><strong>in</strong></span> <span class='ocrx_word' id='word_1_182' title='bbox 987 2318 1085 2386; x_wconf 83' lang='lat' dir='ltr'><strong>titulis</strong></span> <span class='ocrx_word' id='word_1_183' title='bbox 1094 2327 1209 2386; x_wconf 90' lang='lat' dir='ltr'><strong>mutilis</strong></span> <span class='ocrx_word' id='word_1_184' title='bbox 1224 2325 1263 2386; x_wconf 93' lang='grc' dir='ltr'><strong>ΙΙ.</strong></span> <span class='ocrx_word' id='word_1_185' title='bbox 1276 2329 1370 2387; x_wconf 88' lang='grc'><strong>1103.</strong></span> 
     </span>
    </p>
   </div>
   <div class='ocr_carea' id='block_1_4' title="bbox 199 2480 1376 4546">
    <p class='ocr_par' dir='ltr' id='par_1_6' title="bbox 290 2480 564 2544">
     <span class='ocr_line' id='line_1_23' title="bbox 290 2480 564 2544; baseline 0.015 -11"><span class='ocrx_word' id='word_1_186' title='bbox 290 2484 315 2544; x_wconf 84' lang='grc'><strong>1)</strong></span> <span class='ocrx_word' id='word_1_187' title='bbox 334 2482 447 2535; x_wconf 91' lang='lat' dir='ltr'><strong>Metam.</strong></span> <span class='ocrx_word' id='word_1_188' title='bbox 467 2480 502 2535; x_wconf 93' lang='grc' dir='ltr'><strong>Π.</strong></span> <span class='ocrx_word' id='word_1_189' title='bbox 521 2487 564 2537; x_wconf 76' lang='grc'><strong>27,</strong></span> 
     </span>
    </p>

    <p class='ocr_par' dir='ltr' id='par_1_7' title="bbox 199 2550 1376 3329">
     <span class='ocr_line' id='line_1_24' title="bbox 290 2550 1372 2622; baseline 0.002 -18"><span class='ocrx_word' id='word_1_190' title='bbox 290 2553 317 2622; x_wconf 75' lang='lat'><strong>2)</strong></span> <span class='ocrx_word' id='word_1_191' title='bbox 326 2551 418 2606; x_wconf 88' lang='lat' dir='ltr'><strong>Valde</strong></span> <span class='ocrx_word' id='word_1_192' title='bbox 428 2551 544 2605; x_wconf 87' lang='lat' dir='ltr'><strong>miratus</strong></span> <span class='ocrx_word' id='word_1_193' title='bbox 555 2569 617 2604; x_wconf 90' lang='lat' dir='ltr'><strong>sum</strong></span> <span class='ocrx_word' id='word_1_194' title='bbox 631 2550 717 2606; x_wconf 92' lang='lat' dir='ltr'><strong>etiam</strong></span> <span class='ocrx_word' id='word_1_195' title='bbox 731 2551 760 2604; x_wconf 91' lang='lat' dir='ltr'><strong>in</strong></span> <span class='ocrx_word' id='word_1_196' title='bbox 774 2550 934 2605; x_wconf 88' lang='lat' dir='ltr'><strong>novissimis</strong></span> <span class='ocrx_word' id='word_1_197' title='bbox 948 2550 1048 2604; x_wconf 90' lang='lat' dir='ltr'><strong>lustini</strong></span> <span class='ocrx_word' id='word_1_198' title='bbox 1061 2550 1230 2605; x_wconf 86' lang='lat' dir='ltr'><strong>editionibus</strong></span> <span class='ocrx_word' id='word_1_199' title='bbox 1243 2552 1297 2622; x_wconf 86' lang='grc'><strong>(43.</strong></span> <span class='ocrx_word' id='word_1_200' title='bbox 1308 2559 1332 2606; x_wconf 82' lang='lat' dir='ltr'><strong>b.</strong></span> <span class='ocrx_word' id='word_1_201' title='bbox 1344 2555 1372 2621; x_wconf 86' lang='grc'><strong>9)</strong></span> 
     </span>
     <span class='ocr_line' id='line_1_25' title="bbox 201 2620 1372 2692; baseline 0 -15"><span class='ocrx_word' id='word_1_202' title='bbox 201 2621 374 2677; x_wconf 84' lang='lat' dir='ltr'><strong>circumferri</strong></span> <span class='ocrx_word' id='word_1_203' title='bbox 404 2625 485 2677; x_wconf 88' lang='lat' dir='ltr'><strong>vetus</strong></span> <span class='ocrx_word' id='word_1_204' title='bbox 509 2622 649 2676; x_wconf 87' lang='lat' dir='ltr'><strong>mendum.</strong></span> <span class='ocrx_word' id='word_1_205' title='bbox 693 2621 810 2692; x_wconf 79' lang='lat' dir='ltr'><strong>Legitur</strong></span> <span class='ocrx_word' id='word_1_206' title='bbox 831 2621 872 2676; x_wconf 93' lang='lat' dir='ltr'><strong>ibi</strong></span> <span class='ocrx_word' id='word_1_207' title='bbox 897 2620 1125 2676; x_wconf 82' lang='lat' dir='ltr'><strong>‘Massiliensium</strong></span> <span class='ocrx_word' id='word_1_208' title='bbox 1147 2621 1236 2690; x_wconf 87' lang='lat' dir='ltr'><strong>legati</strong></span> <span class='ocrx_word' id='word_1_209' title='bbox 1259 2623 1372 2677; x_wconf 87' lang='lat' dir='ltr'><strong>audive-</strong></span> 
     </span>
     <span class='ocr_line' id='line_1_26' title="bbox 202 2693 1374 2763; baseline 0.002 -17"><span class='ocrx_word' id='word_1_210' title='bbox 202 2697 265 2747; x_wconf 89' lang='lat' dir='ltr'><strong>rant</strong></span> <span class='ocrx_word' id='word_1_211' title='bbox 282 2695 380 2748; x_wconf 88' lang='lat' dir='ltr'><strong>urbem</strong></span> <span class='ocrx_word' id='word_1_212' title='bbox 398 2695 553 2748; x_wconf 88' lang='lat' dir='ltr'><strong>Romanam</strong></span> <span class='ocrx_word' id='word_1_213' title='bbox 572 2712 589 2748; x_wconf 87' lang='lat' dir='ltr'><strong>a</strong></span> <span class='ocrx_word' id='word_1_214' title='bbox 608 2693 695 2747; x_wconf 83' lang='lat' dir='ltr'><strong>Gallis</strong></span> <span class='ocrx_word' id='word_1_215' title='bbox 715 2695 826 2763; x_wconf 89' lang='lat' dir='ltr'><strong>captam</strong></span> <span class='ocrx_word' id='word_1_216' title='bbox 844 2693 1050 2762; x_wconf 85' lang='lat' dir='ltr'><strong>incensamque.</strong></span> <span class='ocrx_word' id='word_1_217' title='bbox 1087 2693 1274 2758; x_wconf 79' lang='lat' dir='ltr'><strong>Quamobrem</strong></span> <span class='ocrx_word' id='word_1_218' title='bbox 1297 2694 1374 2750; x_wconf 89' lang='lat' dir='ltr'><strong>domi</strong></span> 
     </span>
     <span class='ocr_line' id='line_1_27' title="bbox 199 2763 1370 2834; baseline 0.003 -16"><span class='ocrx_word' id='word_1_219' title='bbox 199 2765 359 2818; x_wconf 85' lang='lat' dir='ltr'><strong>nuntiatam</strong></span> <span class='ocrx_word' id='word_1_220' title='bbox 374 2764 486 2833; x_wconf 87' lang='lat' dir='ltr'><strong>publico</strong></span> <span class='ocrx_word' id='word_1_221' title='bbox 501 2765 597 2818; x_wconf 84' lang='lat' dir='ltr'><strong>funere</strong></span> <span class='ocrx_word' id='word_1_222' title='bbox 611 2763 799 2819; x_wconf 89' lang='lat' dir='ltr'><strong>Massilienses</strong></span> <span class='ocrx_word' id='word_1_223' title='bbox 817 2765 960 2834; x_wconf 88' lang='lat' dir='ltr'><strong>prosecuti</strong></span> <span class='ocrx_word' id='word_1_224' title='bbox 979 2767 1045 2819; x_wconf 90' lang='lat' dir='ltr'><strong>sunt</strong></span> <span class='ocrx_word' id='word_1_225' title='bbox 1058 2781 1211 2832; x_wconf 89' lang='lat' dir='ltr'><strong>aurumque</strong></span> <span class='ocrx_word' id='word_1_226' title='bbox 1232 2767 1260 2819; x_wconf 87' lang='lat' dir='ltr'><strong>et</strong></span> <span class='ocrx_word' id='word_1_227' title='bbox 1273 2781 1370 2834; x_wconf 86' lang='lat' dir='ltr'><strong>argen-</strong></span> 
     </span>
     <span class='ocr_line' id='line_1_28' title="bbox 201 2835 1373 2905; baseline 0 -15"><span class='ocrx_word' id='word_1_228' title='bbox 201 2839 261 2890; x_wconf 90' lang='lat' dir='ltr'><strong>tum</strong></span> <span class='ocrx_word' id='word_1_229' title='bbox 280 2835 424 2905; x_wconf 89' lang='lat' dir='ltr'><strong>publicum</strong></span> <span class='ocrx_word' id='word_1_230' title='bbox 443 2837 639 2905; x_wconf 89' lang='lat' dir='ltr'><strong>privatumque</strong></span> <span class='ocrx_word' id='word_1_231' title='bbox 658 2836 837 2890; x_wconf 88' lang='lat' dir='ltr'><strong>contulerunt</strong></span> <span class='ocrx_word' id='word_1_232' title='bbox 860 2837 896 2890; x_wconf 88' lang='lat' dir='ltr'><strong>ad</strong></span> <span class='ocrx_word' id='word_1_233' title='bbox 914 2836 1084 2905; x_wconf 90' lang='lat' dir='ltr'><strong>explendum</strong></span> <span class='ocrx_word' id='word_1_234' title='bbox 1105 2835 1214 2905; x_wconf 90' lang='lat' dir='ltr'><strong>pondus</strong></span> <span class='ocrx_word' id='word_1_235' title='bbox 1235 2835 1332 2903; x_wconf 83' lang='lat' dir='ltr'><strong>Gallis,</strong></span> <span class='ocrx_word' id='word_1_236' title='bbox 1356 2854 1373 2890; x_wconf 90' lang='lat' dir='ltr'><strong>a</strong></span> 
     </span>
     <span class='ocr_line' id='line_1_29' title="bbox 201 2907 1373 2977; baseline 0.002 -17"><span class='ocrx_word' id='word_1_237' title='bbox 201 2907 303 2974; x_wconf 92' lang='lat' dir='ltr'><strong>quibus</strong></span> <span class='ocrx_word' id='word_1_238' title='bbox 322 2908 497 2976; x_wconf 89' lang='lat' dir='ltr'><strong>redemptam</strong></span> <span class='ocrx_word' id='word_1_239' title='bbox 517 2923 614 2976; x_wconf 88' lang='lat' dir='ltr'><strong>paoem</strong></span> <span class='ocrx_word' id='word_1_240' title='bbox 629 2909 827 2977; x_wconf 85' lang='lat' dir='ltr'><strong>cognoverant.</strong></span> <span class='ocrx_word' id='word_1_241' title='bbox 866 2907 908 2960; x_wconf 93' lang='lat' dir='ltr'><strong>Ob</strong></span> <span class='ocrx_word' id='word_1_242' title='bbox 928 2907 1003 2975; x_wconf 88' lang='lat' dir='ltr'><strong>quod</strong></span> <span class='ocrx_word' id='word_1_243' title='bbox 1018 2907 1150 2961; x_wconf 89' lang='lat' dir='ltr'><strong>meritum</strong></span> <span class='ocrx_word' id='word_1_244' title='bbox 1168 2909 1198 2961; x_wconf 89' lang='lat' dir='ltr'><strong>et</strong></span> <span class='ocrx_word' id='word_1_245' title='bbox 1210 2907 1373 2962; x_wconf 89' lang='lat' dir='ltr'><strong>immunitas</strong></span> 
     </span>
     <span class='ocr_line' id='line_1_30' title="bbox 202 2976 1373 3048; baseline 0.003 -18"><span class='ocrx_word' id='word_1_246' title='bbox 202 2976 260 3032; x_wconf 91' lang='lat' dir='ltr'><strong>illis</strong></span> <span class='ocrx_word' id='word_1_247' title='bbox 285 2979 399 3032; x_wconf 88' lang='lat' dir='ltr'><strong>decreta</strong></span> <span class='ocrx_word' id='word_1_248' title='bbox 422 2983 451 3032; x_wconf 90' lang='lat' dir='ltr'><strong>et</strong></span> <span class='ocrx_word' id='word_1_249' title='bbox 481 2979 559 3033; x_wconf 92' lang='lat' dir='ltr'><strong>locus</strong></span> <span class='ocrx_word' id='word_1_250' title='bbox 582 2977 806 3048; x_wconf 84' lang='lat' dir='ltr'><strong>spectaculorum</strong></span> <span class='ocrx_word' id='word_1_251' title='bbox 829 2979 858 3032; x_wconf 92' lang='lat' dir='ltr'><strong>in</strong></span> <span class='ocrx_word' id='word_1_252' title='bbox 882 2979 981 3032; x_wconf 88' lang='lat' dir='ltr'><strong>senatu</strong></span> <span class='ocrx_word' id='word_1_253' title='bbox 1004 2977 1087 3033; x_wconf 85' lang='lat' dir='ltr'><strong>datus</strong></span> <span class='ocrx_word' id='word_1_254' title='bbox 1111 2979 1140 3032; x_wconf 88' lang='lat' dir='ltr'><strong>et</strong></span> <span class='ocrx_word' id='word_1_255' title='bbox 1162 2977 1260 3034; x_wconf 87' lang='lat' dir='ltr'><strong>foedus</strong></span> <span class='ocrx_word' id='word_1_256' title='bbox 1283 2995 1373 3047; x_wconf 88' lang='lat' dir='ltr'><strong>aequo</strong></span> 
     </span>
     <span class='ocr_line' id='line_1_31' title="bbox 202 3049 1373 3119; baseline 0.001 -17"><span class='ocrx_word' id='word_1_257' title='bbox 202 3049 261 3103; x_wconf 88' lang='lat' dir='ltr'><strong>iure</strong></span> <span class='ocrx_word' id='word_1_258' title='bbox 289 3050 471 3118; x_wconf 61' lang='lat' dir='ltr'><strong>percussum)</strong></span> <span class='ocrx_word' id='word_1_259' title='bbox 519 3049 659 3104; x_wconf 90' lang='lat' dir='ltr'><strong>Nimirum</strong></span> <span class='ocrx_word' id='word_1_260' title='bbox 686 3050 819 3118; x_wconf 84' lang='lat' dir='ltr'><strong>intellege</strong></span> <span class='ocrx_word' id='word_1_261' title='bbox 847 3050 968 3119; x_wconf 86' lang='lat' dir='ltr'><strong>‘(urbem</strong></span> <span class='ocrx_word' id='word_1_262' title='bbox 995 3049 1162 3119; x_wconf 80' lang='lat' dir='ltr'><strong>Romanam)</strong></span> <span class='ocrx_word' id='word_1_263' title='bbox 1184 3049 1373 3104; x_wconf 85' lang='lat' dir='ltr'><strong>Massilienses</strong></span> 
     </span>
     <span class='ocr_line' id='line_1_32' title="bbox 201 3120 1376 3190; baseline 0.002 -16"><span class='ocrx_word' id='word_1_264' title='bbox 201 3120 314 3189; x_wconf 89' lang='lat' dir='ltr'><strong>publico</strong></span> <span class='ocrx_word' id='word_1_265' title='bbox 328 3137 468 3175; x_wconf 90' lang='lat' dir='ltr'><strong>munere</strong></span> <span class='ocrx_word' id='word_1_266' title='bbox 487 3121 629 3190; x_wconf 88' lang='lat' dir='ltr'><strong>prosecuti</strong></span> <span class='ocrx_word' id='word_1_267' title='bbox 643 3122 728 3174; x_wconf 89' lang='lat' dir='ltr'><strong>sunt&#39;.</strong></span> <span class='ocrx_word' id='word_1_268' title='bbox 753 3120 889 3190; x_wconf 90' lang='lat' dir='ltr'><strong>Prosequi</strong></span> <span class='ocrx_word' id='word_1_269' title='bbox 904 3120 1028 3190; x_wconf 88' lang='lat' dir='ltr'><strong>aliquem</strong></span> <span class='ocrx_word' id='word_1_270' title='bbox 1041 3120 1185 3189; x_wconf 90' lang='lat' dir='ltr'><strong>beneficio,</strong></span> <span class='ocrx_word' id='word_1_271' title='bbox 1204 3120 1376 3176; x_wconf 89' lang='lat' dir='ltr'><strong>liberalitate</strong></span> 
     </span>
     <span class='ocr_line' id='line_1_33' title="bbox 203 3190 1372 3261; baseline 0.002 -17"><span class='ocrx_word' id='word_1_272' title='bbox 203 3190 404 3245; x_wconf 86' lang='lat' dir='ltr'><strong>usitatissimae</strong></span> <span class='ocrx_word' id='word_1_273' title='bbox 423 3194 487 3246; x_wconf 89' lang='lat' dir='ltr'><strong>sunt</strong></span> <span class='ocrx_word' id='word_1_274' title='bbox 506 3193 669 3247; x_wconf 88' lang='lat' dir='ltr'><strong>locutiones.</strong></span> <span class='ocrx_word' id='word_1_275' title='bbox 709 3192 831 3245; x_wconf 81' lang='lat' dir='ltr'><strong>‘Munus&#39;</strong></span> <span class='ocrx_word' id='word_1_276' title='bbox 852 3195 948 3247; x_wconf 89' lang='lat' dir='ltr'><strong>autem</strong></span> <span class='ocrx_word' id='word_1_277' title='bbox 967 3195 996 3247; x_wconf 92' lang='lat' dir='ltr'><strong>et</strong></span> <span class='ocrx_word' id='word_1_278' title='bbox 1015 3192 1120 3245; x_wconf 81' lang='lat' dir='ltr'><strong>‘funus’</strong></span> <span class='ocrx_word' id='word_1_279' title='bbox 1142 3209 1226 3261; x_wconf 87' lang='lat' dir='ltr'><strong>saepe</strong></span> <span class='ocrx_word' id='word_1_280' title='bbox 1244 3193 1274 3246; x_wconf 92' lang='lat' dir='ltr'><strong>in</strong></span> <span class='ocrx_word' id='word_1_281' title='bbox 1292 3193 1372 3248; x_wconf 87' lang='lat' dir='ltr'><strong>codd.</strong></span> 
     </span>
     <span class='ocr_line' id='line_1_34' title="bbox 202 3262 1196 3329; baseline 0.002 -15"><span class='ocrx_word' id='word_1_282' title='bbox 202 3263 294 3316; x_wconf 90' lang='lat' dir='ltr'><strong>locum</strong></span> <span class='ocrx_word' id='word_1_283' title='bbox 315 3264 467 3329; x_wconf 85' lang='lat' dir='ltr'><strong>mutavere,</strong></span> <span class='ocrx_word' id='word_1_284' title='bbox 488 3262 521 3316; x_wconf 83' lang='lat' dir='ltr'><strong>ci.</strong></span> <span class='ocrx_word' id='word_1_285' title='bbox 541 3262 666 3317; x_wconf 85' lang='lat' dir='ltr'><strong>Frontin.</strong></span> <span class='ocrx_word' id='word_1_286' title='bbox 686 3264 765 3317; x_wconf 86' lang='lat' dir='ltr'><strong>strat.</strong></span> <span class='ocrx_word' id='word_1_287' title='bbox 784 3263 804 3318; x_wconf 93' lang='lat' dir='ltr'><strong>l.</strong></span> <span class='ocrx_word' id='word_1_288' title='bbox 826 3269 866 3317; x_wconf 77' lang='lat'><strong>12.</strong></span> <span class='ocrx_word' id='word_1_289' title='bbox 886 3267 903 3316; x_wconf 81' lang='lat' dir='ltr'><strong>b</strong></span> <span class='ocrx_word' id='word_1_290' title='bbox 921 3264 1024 3318; x_wconf 85' lang='lat' dir='ltr'><strong>Lucan.</strong></span> <span class='ocrx_word' id='word_1_291' title='bbox 1044 3263 1116 3316; x_wconf 91' lang='lat' dir='ltr'><strong>VIII.</strong></span> <span class='ocrx_word' id='word_1_292' title='bbox 1136 3269 1196 3318; x_wconf 76' lang='lat'><strong>741.</strong></span> 
     </span>
    </p>

    <p class='ocr_par' dir='ltr' id='par_1_8' title="bbox 200 3333 1376 4326">
     <span class='ocr_line' id='line_1_35' title="bbox 291 3333 1374 3403; baseline 0.004 -17"><span class='ocrx_word' id='word_1_293' title='bbox 291 3334 318 3401; x_wconf 84' lang='lat'><strong>3)</strong></span> <span class='ocrx_word' id='word_1_294' title='bbox 324 3333 386 3386; x_wconf 92' lang='lat' dir='ltr'><strong>vide</strong></span> <span class='ocrx_word' id='word_1_295' title='bbox 397 3353 422 3402; x_wconf 89' lang='lat' dir='ltr'><strong>p.</strong></span> <span class='ocrx_word' id='word_1_296' title='bbox 431 3340 491 3387; x_wconf 79' lang='lat'><strong>325.</strong></span> <span class='ocrx_word' id='word_1_297' title='bbox 507 3333 533 3386; x_wconf 91' lang='lat' dir='ltr'><strong>N</strong></span> <span class='ocrx_word' id='word_1_298' title='bbox 535 3337 615 3388; x_wconf 91' lang='lat' dir='ltr'><strong>otatu</strong></span> <span class='ocrx_word' id='word_1_299' title='bbox 625 3335 740 3403; x_wconf 87' lang='lat' dir='ltr'><strong>dignum</strong></span> <span class='ocrx_word' id='word_1_300' title='bbox 751 3333 942 3388; x_wconf 85' lang='lat' dir='ltr'><strong>esthominem</strong></span> <span class='ocrx_word' id='word_1_301' title='bbox 953 3333 1151 3403; x_wconf 89' lang='lat' dir='ltr'><strong>municipalem</strong></span> <span class='ocrx_word' id='word_1_302' title='bbox 1160 3335 1374 3403; x_wconf 88' lang='lat' dir='ltr'><strong>publieofunerc</strong></span> 
     </span>
     <span class='ocr_line' id='line_1_36' title="bbox 204 3403 1376 3478; baseline 0.003 -22"><span class='ocrx_word' id='word_1_303' title='bbox 204 3403 345 3472; x_wconf 87' lang='lat' dir='ltr'><strong>sepultum</strong></span> <span class='ocrx_word' id='word_1_304' title='bbox 366 3421 426 3458; x_wconf 90' lang='lat' dir='ltr'><strong>esse</strong></span> <span class='ocrx_word' id='word_1_305' title='bbox 440 3405 545 3459; x_wconf 87' lang='lat' dir='ltr'><strong>Romae</strong></span> <span class='ocrx_word' id='word_1_306' title='bbox 566 3405 619 3476; x_wconf 82' lang='lat' dir='ltr'><strong>‘[in</strong></span> <span class='ocrx_word' id='word_1_307' title='bbox 634 3422 733 3474; x_wconf 90' lang='lat' dir='ltr'><strong>campo</strong></span> <span class='ocrx_word' id='word_1_308' title='bbox 748 3405 863 3476; x_wconf 87' lang='lat' dir='ltr'><strong>Ma]rti0</strong></span> <span class='ocrx_word' id='word_1_309' title='bbox 879 3405 1018 3476; x_wconf 67' lang='lat' dir='ltr'><strong>Cecropis</strong></span> <span class='ocrx_word' id='word_1_310' title='bbox 1032 3405 1265 3478; x_wconf 83' lang='lat' dir='ltr'><strong>indulgentia?]’,</strong></span> <span class='ocrx_word' id='word_1_311' title='bbox 1285 3408 1309 3461; x_wconf 91' lang='lat' dir='ltr'><strong>si</strong></span> <span class='ocrx_word' id='word_1_312' title='bbox 1323 3409 1376 3460; x_wconf 89' lang='lat' dir='ltr'><strong>hoc</strong></span> 
     </span>
     <span class='ocr_line' id='line_1_37' title="bbox 202 3475 1373 3558; baseline 0.004 -30"><span class='ocrx_word' id='word_1_313' title='bbox 202 3477 278 3529; x_wconf 87' lang='lat' dir='ltr'><strong>recte</strong></span> <span class='ocrx_word' id='word_1_314' title='bbox 293 3475 469 3558; x_wconf 77' lang='lat' dir='ltr'><strong>concluditur</strong></span> <span class='ocrx_word' id='word_1_315' title='bbox 484 3493 517 3558; x_wconf 80' lang='lat' dir='ltr'><strong>ex</strong></span> <span class='ocrx_word' id='word_1_316' title='bbox 532 3475 671 3546; x_wconf 85' lang='lat' dir='ltr'><strong>fragmine</strong></span> <span class='ocrx_word' id='word_1_317' title='bbox 685 3476 788 3546; x_wconf 87' lang='lat' dir='ltr'><strong>lapidis</strong></span> <span class='ocrx_word' id='word_1_318' title='bbox 804 3476 831 3531; x_wconf 84' lang='lat' dir='ltr'><strong>G.</strong></span> <span class='ocrx_word' id='word_1_319' title='bbox 842 3477 862 3530; x_wconf 91' lang='grc' dir='ltr'><strong>Ι.</strong></span> <span class='ocrx_word' id='word_1_320' title='bbox 873 3476 903 3532; x_wconf 89' lang='lat' dir='ltr'><strong>L.</strong></span> <span class='ocrx_word' id='word_1_321' title='bbox 927 3479 959 3533; x_wconf 89' lang='lat' dir='ltr'><strong>X.</strong></span> <span class='ocrx_word' id='word_1_322' title='bbox 976 3483 1053 3545; x_wconf 79' lang='lat'><strong>5291,</strong></span> <span class='ocrx_word' id='word_1_323' title='bbox 1074 3478 1150 3546; x_wconf 93' lang='lat' dir='ltr'><strong>quod</strong></span> <span class='ocrx_word' id='word_1_324' title='bbox 1169 3480 1213 3532; x_wconf 87' lang='lat' dir='ltr'><strong>est</strong></span> <span class='ocrx_word' id='word_1_325' title='bbox 1228 3479 1373 3546; x_wconf 86' lang='lat' dir='ltr'><strong>fastorum,</strong></span> 
     </span>
     <span class='ocr_line' id='line_1_38' title="bbox 200 3547 1373 3699; baseline 0.003 -29"><span class='ocrx_word' id='word_1_326' title='bbox 200 3564 256 3699; x_wconf 35' lang='lat' dir='ltr'><strong>non·</strong></span> <span class='ocrx_word' id='word_1_327' title='bbox 276 3547 519 3686; x_wconf 57' lang='lat' dir='ltr'><strong>elliplidiilodiasdli</strong></span> <span class='ocrx_word' id='word_1_328' title='bbox 537 3547 769 3674; x_wconf 53' lang='lat' dir='ltr'><strong>clindebiffidlrron.</strong></span> <span class='ocrx_word' id='word_1_329' title='bbox 795 3635 819 3674; x_wconf 87' lang='lat' dir='ltr'><strong>a.</strong></span> <span class='ocrx_word' id='word_1_330' title='bbox 846 3618 911 3674; x_wconf 88' lang='lat' dir='ltr'><strong>Abr.</strong></span> <span class='ocrx_word' id='word_1_331' title='bbox 938 3625 1007 3674; x_wconf 82' lang='grc'><strong>1914</strong></span> <span class='ocrx_word' id='word_1_332' title='bbox 1032 3619 1072 3676; x_wconf 73' lang='grc' dir='ltr'><strong>Ὃ.</strong></span> <span class='ocrx_word' id='word_1_333' title='bbox 1098 3599 1200 3678; x_wconf 87' lang='lat' dir='ltr'><strong>Lucius</strong></span> <span class='ocrx_word' id='word_1_334' title='bbox 1223 3621 1373 3676; x_wconf 87' lang='lat' dir='ltr'><strong>satirarum</strong></span> 
     </span>
     <span class='ocr_line' id='line_1_39' title="bbox 203 3689 1374 3832; baseline 0.003 -20"><span class='ocrx_word' id='word_1_335' title='bbox 203 3691 323 3814; x_wconf 56' lang='lat' dir='ltr'><strong>sepit</strong></span> <span class='ocrx_word' id='word_1_336' title='bbox 336 3689 460 3814; x_wconf 67' lang='lat' dir='ltr'><strong>teti</strong></span> <span class='ocrx_word' id='word_1_337' title='bbox 475 3689 1374 3832; x_wconf 54' lang='lat' dir='ltr'><strong>illusistisdestitistististtttt</strong></span> 
     </span>
     <span class='ocr_line' id='line_1_40' title="bbox 203 3830 1373 3904; baseline 0.003 -20"><span class='ocrx_word' id='word_1_338' title='bbox 203 3830 274 3885; x_wconf 93' lang='lat' dir='ltr'><strong>libro</strong></span> <span class='ocrx_word' id='word_1_339' title='bbox 294 3831 328 3885; x_wconf 91' lang='lat' dir='ltr'><strong>de</strong></span> <span class='ocrx_word' id='word_1_340' title='bbox 347 3832 446 3900; x_wconf 87' lang='lat' dir='ltr'><strong>poetis.</strong></span> <span class='ocrx_word' id='word_1_341' title='bbox 483 3832 575 3900; x_wconf 85' lang='lat' dir='ltr'><strong>Atque</strong></span> <span class='ocrx_word' id='word_1_342' title='bbox 595 3850 647 3903; x_wconf 88' lang='lat' dir='ltr'><strong>ego</strong></span> <span class='ocrx_word' id='word_1_343' title='bbox 667 3833 780 3901; x_wconf 88' lang='lat' dir='ltr'><strong>quidem</strong></span> <span class='ocrx_word' id='word_1_344' title='bbox 799 3833 958 3888; x_wconf 89' lang='lat' dir='ltr'><strong>addendum</strong></span> <span class='ocrx_word' id='word_1_345' title='bbox 976 3836 1045 3903; x_wconf 92' lang='lat' dir='ltr'><strong>puto</strong></span> <span class='ocrx_word' id='word_1_346' title='bbox 1064 3833 1190 3904; x_wconf 92' lang='lat' dir='ltr'><strong>potuisse</strong></span> <span class='ocrx_word' id='word_1_347' title='bbox 1210 3835 1373 3892; x_wconf 87' lang='lat' dir='ltr'><strong>Suetonium</strong></span> 
     </span>
     <span class='ocr_line' id='line_1_41' title="bbox 202 3901 1372 3975; baseline 0.003 -20"><span class='ocrx_word' id='word_1_348' title='bbox 202 3902 247 3956; x_wconf 88' lang='lat' dir='ltr'><strong>vel</strong></span> <span class='ocrx_word' id='word_1_349' title='bbox 274 3901 474 3972; x_wconf 80' lang='lat' dir='ltr'><strong>Hieronymum</strong></span> <span class='ocrx_word' id='word_1_350' title='bbox 500 3904 657 3973; x_wconf 85' lang='lat' dir='ltr'><strong>longiorem</strong></span> <span class='ocrx_word' id='word_1_351' title='bbox 686 3903 903 3974; x_wconf 88' lang='lat' dir='ltr'><strong>descriptionem</strong></span> <span class='ocrx_word' id='word_1_352' title='bbox 935 3905 989 3960; x_wconf 90' lang='lat' dir='ltr'><strong>hoc</strong></span> <span class='ocrx_word' id='word_1_353' title='bbox 1016 3906 1101 3960; x_wconf 90' lang='lat' dir='ltr'><strong>verbo</strong></span> <span class='ocrx_word' id='word_1_354' title='bbox 1134 3908 1233 3975; x_wconf 85' lang='lat' dir='ltr'><strong>postea</strong></span> <span class='ocrx_word' id='word_1_355' title='bbox 1261 3907 1372 3961; x_wconf 89' lang='lat' dir='ltr'><strong>demum</strong></span> 
     </span>
     <span class='ocr_line' id='line_1_42' title="bbox 202 3971 1372 4046; baseline 0 -19"><span class='ocrx_word' id='word_1_356' title='bbox 202 3971 330 4028; x_wconf 88' lang='lat' dir='ltr'><strong>technico</strong></span> <span class='ocrx_word' id='word_1_357' title='bbox 354 3975 429 4030; x_wconf 87' lang='lat' dir='ltr'><strong>facto</strong></span> <span class='ocrx_word' id='word_1_358' title='bbox 454 3974 634 4031; x_wconf 89' lang='lat' dir='ltr'><strong>contraxisse.</strong></span> <span class='ocrx_word' id='word_1_359' title='bbox 671 3975 742 4030; x_wconf 86' lang='lat' dir='ltr'><strong>Item</strong></span> <span class='ocrx_word' id='word_1_360' title='bbox 765 3974 873 4030; x_wconf 89' lang='lat' dir='ltr'><strong>iudicat</strong></span> <span class='ocrx_word' id='word_1_361' title='bbox 895 3975 1081 4032; x_wconf 81' lang='lat' dir='ltr'><strong>Buechelerus</strong></span> <span class='ocrx_word' id='word_1_362' title='bbox 1107 3978 1155 4046; x_wconf 91' lang='lat' dir='ltr'><strong>qui</strong></span> <span class='ocrx_word' id='word_1_363' title='bbox 1178 3995 1234 4033; x_wconf 91' lang='lat' dir='ltr'><strong>non</strong></span> <span class='ocrx_word' id='word_1_364' title='bbox 1257 3977 1372 4032; x_wconf 91' lang='lat' dir='ltr'><strong>dubium</strong></span> 
     </span>
     <span class='ocr_line' id='line_1_43' title="bbox 201 4045 1372 4116; baseline 0.001 -18"><span class='ocrx_word' id='word_1_365' title='bbox 201 4047 285 4113; x_wconf 88' lang='lat' dir='ltr'><strong>putat</strong></span> <span class='ocrx_word' id='word_1_366' title='bbox 302 4063 362 4100; x_wconf 89' lang='lat' dir='ltr'><strong>esse</strong></span> <span class='ocrx_word' id='word_1_367' title='bbox 381 4047 449 4114; x_wconf 92' lang='lat' dir='ltr'><strong>quin</strong></span> <span class='ocrx_word' id='word_1_368' title='bbox 464 4045 613 4101; x_wconf 87' lang='lat' dir='ltr'><strong>Suetonius</strong></span> <span class='ocrx_word' id='word_1_369' title='bbox 628 4063 645 4102; x_wconf 86' lang='lat' dir='ltr'><strong>a</strong></span> <span class='ocrx_word' id='word_1_370' title='bbox 659 4047 818 4101; x_wconf 81' lang='lat' dir='ltr'><strong>Romanis</strong></span> <span class='ocrx_word' id='word_1_371' title='bbox 837 4047 949 4116; x_wconf 90' lang='lat' dir='ltr'><strong>publice</strong></span> <span class='ocrx_word' id='word_1_372' title='bbox 968 4048 1073 4102; x_wconf 89' lang='lat' dir='ltr'><strong>elatum</strong></span> <span class='ocrx_word' id='word_1_373' title='bbox 1086 4048 1227 4105; x_wconf 88' lang='lat' dir='ltr'><strong>Lucilium</strong></span> <span class='ocrx_word' id='word_1_374' title='bbox 1241 4063 1300 4102; x_wconf 90' lang='lat' dir='ltr'><strong>esse</strong></span> <span class='ocrx_word' id='word_1_375' title='bbox 1314 4049 1372 4100; x_wconf 84' lang='lat' dir='ltr'><strong>tra-</strong></span> 
     </span>
     <span class='ocr_line' id='line_1_44' title="bbox 202 4115 1372 4187; baseline 0.003 -18"><span class='ocrx_word' id='word_1_376' title='bbox 202 4115 314 4182; x_wconf 89' lang='lat' dir='ltr'><strong>diderit,</strong></span> <span class='ocrx_word' id='word_1_377' title='bbox 333 4118 366 4170; x_wconf 91' lang='lat' dir='ltr'><strong>ut</strong></span> <span class='ocrx_word' id='word_1_378' title='bbox 378 4119 468 4172; x_wconf 89' lang='lat' dir='ltr'><strong>virum</strong></span> <span class='ocrx_word' id='word_1_379' title='bbox 484 4118 517 4170; x_wconf 89' lang='lat' dir='ltr'><strong>de</strong></span> <span class='ocrx_word' id='word_1_380' title='bbox 537 4118 619 4173; x_wconf 89' lang='lat' dir='ltr'><strong>rebus</strong></span> <span class='ocrx_word' id='word_1_381' title='bbox 636 4117 795 4187; x_wconf 86' lang='lat' dir='ltr'><strong>litterisque</strong></span> <span class='ocrx_word' id='word_1_382' title='bbox 813 4118 946 4173; x_wconf 87' lang='lat' dir='ltr'><strong>Romanis</strong></span> <span class='ocrx_word' id='word_1_383' title='bbox 964 4119 1175 4174; x_wconf 88' lang='lat' dir='ltr'><strong>meritissimum</strong></span> <span class='ocrx_word' id='word_1_384' title='bbox 1193 4118 1372 4186; x_wconf 85' lang='lat' dir='ltr'><strong>describeret,</strong></span> 
     </span>
     <span class='ocr_line' id='line_1_45' title="bbox 202 4187 1374 4261; baseline 0.002 -19"><span class='ocrx_word' id='word_1_385' title='bbox 202 4190 231 4242; x_wconf 91' lang='lat' dir='ltr'><strong>et</strong></span> <span class='ocrx_word' id='word_1_386' title='bbox 245 4190 341 4242; x_wconf 87' lang='lat' dir='ltr'><strong>censet</strong></span> <span class='ocrx_word' id='word_1_387' title='bbox 355 4187 517 4256; x_wconf 87' lang='lat' dir='ltr'><strong>Hieronymi</strong></span> <span class='ocrx_word' id='word_1_388' title='bbox 531 4189 618 4242; x_wconf 85' lang='lat' dir='ltr'><strong>verba</strong></span> <span class='ocrx_word' id='word_1_389' title='bbox 632 4207 691 4244; x_wconf 90' lang='lat' dir='ltr'><strong>esse</strong></span> <span class='ocrx_word' id='word_1_390' title='bbox 705 4188 929 4260; x_wconf 88' lang='lat' dir='ltr'><strong>interpretanda:</strong></span> <span class='ocrx_word' id='word_1_391' title='bbox 950 4189 1083 4261; x_wconf 82' lang='lat' dir='ltr'><strong>‘Neapoli</strong></span> <span class='ocrx_word' id='word_1_392' title='bbox 1101 4191 1236 4258; x_wconf 90' lang='lat' dir='ltr'><strong>moritur‚’</strong></span> <span class='ocrx_word' id='word_1_393' title='bbox 1252 4191 1374 4244; x_wconf 84' lang='lat' dir='ltr'><strong>Romam</strong></span> 
     </span>
     <span class='ocr_line' id='line_1_46' title="bbox 201 4259 734 4326; baseline 0.009 -16"><span class='ocrx_word' id='word_1_394' title='bbox 201 4259 321 4312; x_wconf 88' lang='lat' dir='ltr'><strong>tralatus</strong></span> <span class='ocrx_word' id='word_1_395' title='bbox 340 4259 464 4326; x_wconf 77' lang='lat' dir='ltr'><strong>‘publico</strong></span> <span class='ocrx_word' id='word_1_396' title='bbox 483 4260 580 4314; x_wconf 89' lang='lat' dir='ltr'><strong>funere</strong></span> <span class='ocrx_word' id='word_1_397' title='bbox 599 4261 734 4315; x_wconf 88' lang='lat' dir='ltr'><strong>effertur&#39;.</strong></span> 
     </span>
    </p>

    <p class='ocr_par' dir='ltr' id='par_1_9' title="bbox 202 4329 1374 4546">
     <span class='ocr_line' id='line_1_47' title="bbox 292 4329 1373 4405; baseline 0.006 -22"><span class='ocrx_word' id='word_1_398' title='bbox 292 4331 319 4398; x_wconf 83' lang='lat'><strong>5)</strong></span> <span class='ocrx_word' id='word_1_399' title='bbox 338 4329 427 4384; x_wconf 79' lang='lat' dir='ltr'><strong>Tituli</strong></span> <span class='ocrx_word' id='word_1_400' title='bbox 445 4334 510 4384; x_wconf 89' lang='lat' dir='ltr'><strong>sunt</strong></span> <span class='ocrx_word' id='word_1_401' title='bbox 528 4329 557 4386; x_wconf 83' lang='lat' dir='ltr'><strong>C.</strong></span> <span class='ocrx_word' id='word_1_402' title='bbox 576 4332 597 4386; x_wconf 93' lang='grc' dir='ltr'><strong>Ι.</strong></span> <span class='ocrx_word' id='word_1_403' title='bbox 617 4333 648 4386; x_wconf 90' lang='lat' dir='ltr'><strong>L.</strong></span> <span class='ocrx_word' id='word_1_404' title='bbox 666 4331 699 4384; x_wconf 90' lang='lat' dir='ltr'><strong>H.</strong></span> <span class='ocrx_word' id='word_1_405' title='bbox 720 4336 788 4386; x_wconf 79' lang='lat'>3251</span> <span class='ocrx_word' id='word_1_406' title='bbox 809 4335 837 4388; x_wconf 91' lang='lat' dir='ltr'><strong>et</strong></span> <span class='ocrx_word' id='word_1_407' title='bbox 855 4339 924 4389; x_wconf 77' lang='lat'><strong>3252</strong></span> <span class='ocrx_word' id='word_1_408' title='bbox 948 4332 1142 4390; x_wconf 87' lang='lat' dir='ltr'><strong>Baesuccitani</strong></span> <span class='ocrx_word' id='word_1_409' title='bbox 1160 4333 1234 4402; x_wconf 86' lang='lat' dir='ltr'><strong>(vide</strong></span> <span class='ocrx_word' id='word_1_410' title='bbox 1253 4351 1280 4401; x_wconf 94' lang='lat' dir='ltr'><strong>p.</strong></span> <span class='ocrx_word' id='word_1_411' title='bbox 1301 4335 1373 4405; x_wconf 84' lang='lat'><strong>360).</strong></span> 
     </span>
     <span class='ocr_line' id='line_1_48' title="bbox 202 4398 1373 4476; baseline 0.009 -26"><span class='ocrx_word' id='word_1_412' title='bbox 202 4398 300 4452; x_wconf 82' lang='lat' dir='ltr'><strong>Eidem</strong></span> <span class='ocrx_word' id='word_1_413' title='bbox 320 4399 414 4454; x_wconf 89' lang='lat' dir='ltr'><strong>iuveni</strong></span> <span class='ocrx_word' id='word_1_414' title='bbox 433 4404 543 4456; x_wconf 89' lang='lat' dir='ltr'><strong>mortuo</strong></span> <span class='ocrx_word' id='word_1_415' title='bbox 562 4405 678 4472; x_wconf 90' lang='lat' dir='ltr'><strong>uterque</strong></span> <span class='ocrx_word' id='word_1_416' title='bbox 697 4403 804 4473; x_wconf 91' lang='lat' dir='ltr'><strong>positus</strong></span> <span class='ocrx_word' id='word_1_417' title='bbox 824 4407 867 4460; x_wconf 90' lang='lat' dir='ltr'><strong>est</strong></span> <span class='ocrx_word' id='word_1_418' title='bbox 880 4405 1031 4476; x_wconf 89' lang='lat' dir='ltr'><strong>inscriptus</strong></span> <span class='ocrx_word' id='word_1_419' title='bbox 1049 4406 1079 4459; x_wconf 92' lang='lat' dir='ltr'><strong>in</strong></span> <span class='ocrx_word' id='word_1_420' title='bbox 1097 4403 1159 4459; x_wconf 89' lang='lat' dir='ltr'><strong>basi</strong></span> <span class='ocrx_word' id='word_1_421' title='bbox 1174 4405 1246 4460; x_wconf 88' lang='lat' dir='ltr'><strong>alter</strong></span> <span class='ocrx_word' id='word_1_422' title='bbox 1261 4406 1373 4461; x_wconf 86' lang='lat' dir='ltr'><strong>statuae</strong></span> 
     </span>
     <span class='ocr_line' id='line_1_49' title="bbox 202 4463 1374 4546; baseline 0.009 -24"><span class='ocrx_word' id='word_1_423' title='bbox 202 4487 219 4522; x_wconf 92' lang='lat' dir='ltr'><strong>a</strong></span> <span class='ocrx_word' id='word_1_424' title='bbox 237 4463 391 4539; x_wconf 77' lang='lat' dir='ltr'><strong>municipio</strong></span> <span class='ocrx_word' id='word_1_425' title='bbox 407 4473 608 4529; x_wconf 88' lang='lat' dir='ltr'><strong>Baesuceitano</strong></span> <span class='ocrx_word' id='word_1_426' title='bbox 628 4475 700 4530; x_wconf 86' lang='lat' dir='ltr'><strong>alter</strong></span> <span class='ocrx_word' id='word_1_427' title='bbox 717 4478 827 4530; x_wconf 86' lang='lat' dir='ltr'><strong>statuae</strong></span> <span class='ocrx_word' id='word_1_428' title='bbox 841 4493 859 4530; x_wconf 87' lang='lat' dir='ltr'><strong>a</strong></span> <span class='ocrx_word' id='word_1_429' title='bbox 873 4476 1025 4546; x_wconf 90' lang='lat' dir='ltr'><strong>municipio</strong></span> <span class='ocrx_word' id='word_1_430' title='bbox 1040 4475 1218 4534; x_wconf 87' lang='lat' dir='ltr'><strong>Laminitano</strong></span> <span class='ocrx_word' id='word_1_431' title='bbox 1234 4476 1374 4546; x_wconf 87' lang='lat' dir='ltr'><strong>decretae,</strong></span> 
     </span>
    </p>
   </div>
   <div class='ocr_carea' id='block_1_5' title="bbox 0 0 1525 5152">
    <p class='ocr_par' dir='ltr' id='par_1_10' title="bbox 0 0 1525 5152">
     <span class='ocr_line' id='line_1_50' title="bbox 0 0 1525 5152; baseline 0 0"><span class='ocrx_word' id='word_1_432' title='bbox 0 0 1525 5152; x_wconf 95' lang='lat' dir='ltr'><strong> </strong></span> 
     </span>
    </p>
   </div>
  </div>
 </body>
</html>
