3006 5152
163 233 230 298 330
594 234 750 290 l‘ridcricus
770 234 909 292 Vollmer:

251 403 385 464 Fortuna
403 404 488 463 nobis
508 405 583 464 bene
597 405 747 465 consuluit
765 405 910 466 servando
926 405 1079 481 complura
1094 405 1214 464 decreta
1228 405 1335 480 quibus

162 496 216 552 aut
227 496 348 552 senatus
363 497 416 552 aut
425 494 652 569 municipiorum
662 495 780 554 ordines
790 496 878 553 funus
891 494 1043 570 publicum
1054 495 1207 564 dederunt.
1234 494 1334 553 Primo

163 583 227 641 loco
247 585 309 640 stat
328 581 477 642 Ciceronis
498 585 648 643 sententia
667 583 747 644 dicta
770 584 801 642 in
825 587 931 644 senatu
955 602 1057 642 mense
1077 584 1239 642 Februario
1265 585 1336 643 anni

164 664 298 749 711l43,
314 691 371 748 qua
385 673 462 749 petit
476 675 511 732 ut
522 672 583 732 Ser.
595 672 741 749 Sulpicius
753 673 857 749 Rufus,
873 674 923 750 qui
937 673 968 732 in
982 672 1132 748 legatione
1146 672 1183 732 ad
1194 673 1232 730 M.
1243 672 1334 732 Anto-

161 760 244 818 nium
258 761 362 820 morbo
377 762 500 838 obierat,
515 763 678 822 honoretur
692 765 794 822 statua
807 763 939 839 pedestri
954 779 1046 822 aenea
1060 761 1091 820 in
1101 763 1215 836 rostris,
1230 762 1334 821 funere

161 851 192 908 et
210 851 346 925 sepulcro
365 843 534 932 publicisl)
571 851 656 911 Hane
676 850 823 912 Ciceronis
844 852 1023 910 sententiam
1042 851 1112 909 licet
1135 870 1189 926 pro
1213 854 1334 910 senatus

161 939 296 998 consulto
315 939 434 1016 habere,
454 959 521 999 oum
535 939 717 1016 Pomponius
731 942 863 1000 testetur
879 960 942 999 eam
958 939 1114 1016 placuisse.
1122 931 1148 1020 ²)
1179 939 1335 1000 Invenitur

137 1066 140 1071 -
163 1031 262 1087 autem
278 1029 426 1088 sententia
440 1030 471 1088 in
486 1030 620 1089 oratione
635 1029 803 1106 Philippica
816 1031 877 1106 IX,
892 1033 983 1105 caput
997 1031 1044 1089 est
1059 1029 1227 1104 septimum.
1252 1021 1334 1108 (vide

161 1111 333 1177 contextum
350 1139 379 1193 p.
395 1119 458 1178 345
468 1113 525 1197 sq.)

249 1205 443 1283 Municipalia
468 1211 548 1267 certe
571 1209 631 1267 tria
654 1210 773 1267 exstant
800 1209 920 1266 decreta
948 1208 985 1266 de
1012 1207 1169 1266 funeribus
1197 1208 1333 1284 publicis.

159 1296 292 1355 Primum
311 1298 358 1355 est
373 1294 556 1372 Campanum
575 1297 640 1356 aevi
655 1296 805 1375 Augustei
819 1295 850 1355 G.
864 1297 888 1357 I.
904 1297 936 1355 L.
951 1295 986 1356 X.
1002 1298 1088 1356 3903
1108 1289 1192 1377 (vide
1210 1318 1238 1373 p.
1254 1290 1333 1378 346)

159 1386 288 1445 alterum
306 1385 504 1444 Puteolanum
523 1385 553 1445 C.
569 1385 591 1446 I.
607 1387 640 1446 L.
655 1386 689 1444 X.
707 1388 793 1446 1784
818 1385 889 1444 anni
907 1405 934 1461 p.
956 1385 1023 1444 Chr.
1041 1387 1117 1462 187,
1141 1386 1264 1444 tertium
1287 1405 1332 1444 re·

159 1477 278 1551 portum
294 1474 394 1534 Siccae
408 1474 529 1534 Africae
544 1476 620 1551 Eph.
636 1496 680 1552 ep.
697 1475 732 1535 V.
748 1478 811 1536 628
828 1500 869 1522 =
885 1473 949 1533 (tl.
961 1474 993 1536 L.
1008 1474 1091 1533 VIII.
1111 1476 1206 1551 suppl.
1224 1477 1332 1535 15880

161 1563 273 1623 saeculi
292 1568 325 1622 ut
343 1567 417 1638 puto
436 1564 483 1622 HI
500 1565 549 1624 vel
563 1563 614 1624 IV.
643 1557 726 1646 (vide
744 1585 793 1641 pp.
809 1566 874 1624 350
894 1567 924 1623 et
944 1555 1065 1644 352.)³)

248 1653 350 1711 Funus
364 1653 459 1728 igitur
472 1653 626 1728 publicum
640 1654 809 1713 decernitur
823 1672 841 1712 a
856 1656 962 1712 senatu
976 1655 1024 1713 vel
1039 1653 1143 1711 ordine
1160 1654 1332 1728 postulante

158 1743 267 1818 alique.
306 1742 363 1812 Qui
380 1741 572 1818 praesidebat
592 1744 683 1802 verba
701 1743 773 1802 fecit
790 1743 827 1801 de
846 1745 941 1802 morte
961 1745 992 1801 et
1010 1741 1142 1801 breviter
1161 1742 1197 1800 de
1216 1742 1331 1801 meritis

159 1832 279 1904 mortui,
299 1834 364 1889 turn
383 1831 532 1890 sententia
551 1832 631 1892 dicta
651 1835 682 1892 et
699 1832 829 1908 probata
847 1834 902 1891 est.
938 1831 1051 1890 Deinde
1071 1851 1105 1890 eo
1123 1835 1258 1907 ternpore
1273 1851 1331 1907 quo

159 1939 222 1980 mos
246 1921 396 1996 perfectus
419 1921 478 1980 iam
504 1925 581 1995 erat,
606 1921 777 1981 consulibus
800 1922 848 1980 vel
873 1921 1006 1980 duoviris
1029 1920 1205 1979 mandatum
1228 1923 1274 1979 est
1298 1924 1332 1979 ut

158 2144 258 2198 officiis
277 2145 322 2199 vel
341 2144 513 2214 praeceptis,
539 2143 595 2199 nisi
613 2144 715 2213 quod
707 2161 737 2198 ιιι
755 2145 956 2213 imperatorum
975 2142 1119 2200 funeribus
1143 2160 1245 2214 agmen
1268 2163 1330 2214 pro·

159 2215 348 2284 sequebantur
366 2218 396 2269 et
414 2233 513 2286 rogum
532 2215 688 2283 ambibunt,
707 2215 741 2270 cf
761 2214 881 2285 intrap.
896 2221 948 2270 338
966 2217 1063 2270 ιιοι,5.
1081 2215 1169 2268 -De
1187 2215 1330 2270 funeribus
1447 2269 1448 2272 ,

157 2287 277 2356 publicis
310 2288 466 2357 legatorum
500 2291 529 2342 et
554 2287 765 2357 peregrinorum
793 2305 827 2342 ex
853 2304 905 2341 usu
933 2286 1007 2341 datis
1035 2258 1099 2342 vide
1127 2304 1212 2356 supra
1236 2307 1263 2358 p.
1279 2292 1329 2342 325

157 2361 187 2412 θ’
204 2361 416 2498 110t1)4llicero
408 2430 438 2483 in
457 2430 508 2485 illa
527 2431 653 2486 oratione
672 2447 756 2497 qnam
775 2429 876 2484 habuit
893 2431 925 2483 ut
938 2428 1108 2484 sententiam
1123 2430 1331 2486 commendaret

157 2500 249 2555 multa
266 2500 337 2554 lacit
354 2500 442 2556 verba
461 2503 541 2556 det
516 2501 616 2555 statuis
635 2501 772 2570 ponendis
791 2503 820 2555 et
839 2485 947 2570 pdsitis,
966 2500 1086 2570 quodP.
1102 2500 1238 2584 Servilius
1257 2503 1330 2556 hanc

158 2571 281 2640 Sulpicio
300 2573 433 2641 negabat,
451 2572 523 2626 nihil
541 2572 611 2627 dicit
629 2571 664 2626 de
682 2572 780 2627 funere
794 2571 938 2697 publico.
954 2571 1079 2640 Neque
1070 2590 1100 2626 m
1114 2572 1176 2642 ipsa
1190 2573 1329 2627 sententia

155 2643 226 2697 haec
243 2644 358 2712 propria
376 2645 488 2699 verba
479 2643 627 2700 inveniunt
628 2662 667 2699 ur.
702 2642 776 2700 Cave
809 2661 892 2699 amen
910 2642 987 2698 dieas
1003 2643 1059 2698 Ser.
1076 2643 1200 2713 Sulpicio
1215 2644 1328 2699 omnino

157 2715 239 2768 funus
262 2713 407 2784 publicum
432 2716 574 2770 decretum
599 2733 656 2769 non
680 2732 747 2770 esse.
789 2714 861 2770 Sane
884 2732 934 2785 pro
958 2731 992 2769 eo
1016 2715 1091 2784 quod
1115 2713 1144 2768 in
1167 2715 1330 2785 posterioris

157 2785 219 2840 aevi
239 2786 357 2840 decretis
376 2785 495 2855 legimus
516 2787 623 2841 ‘funere
642 2804 692 2854 per
711 2787 841 2841 duoviros
860 2787 980 2840 alterum
1000 2787 1131 2841 ambosve
1151 2787 1256 2841 locato'
1281 2790 1331 2842 aut

158 2855 252 2911 ‘funus
270 2856 415 2926 publicum
435 2857 462 2912 ei
480 2858 602 2914 decarni’
625 2858 721 2912 Cicero
739 2857 800 2912 volt
823 2857 989 2928 simpliciter
1013 2858 1136 2925 ‘placere
1160 2874 1223 2912 eum
1247 2877 1330 2928 quam

156 2928 566 3056 {autumaretur
584 2928 1331 3056 turturi.tutti*{tttttllttttt

154 3072 237 3126 funus
256 3089 340 3140 quam
360 3072 532 3142 amplissime
546 3074 596 3155 fiat
597 3019 708 3142 ,dieque
723 3087 757 3126 ex
771 3072 880 3127 aerario
895 3089 1033 3128 summam
1047 3071 1113 3127 dare
1132 3089 1189 3140 qua
1203 3075 1329 3155 sumptus

155 3147 316 3213 compenset
317 3161 407 3198 ur.—
372 3145 527 3210 —Qucdsi
547 3143 610 3214 quis
629 3145 659 3197 in
678 3161 710 3198 ao
730 3142 848 3198 offendit
866 3143 941 3212 quod
965 3159 1021 3197 non
1045 3141 1178 3198 definitur
1201 3145 1328 3213 pecunia,

156 3231 249 3267 secum
267 3217 382 3283 reputet
400 3231 434 3268 ne
454 3217 562 3270 statuae
581 3215 693 3284 quidem
713 3217 839 3284 sumptus
859 3213 1001 3268 constitui.

245 3285 374 3355 2)Digg.
390 3285 409 3338 1.
425 3291 449 3341 2,
465 3292 489 3340 2.
505 3291 539 3340 43
560 3285 685 3342 ‘Servius
704 3303 767 3341 cum
786 3287 816 3340 in
834 3284 977 3355 legatione
999 3285 1132 3355 perisset,
1156 3287 1278 3340 statuam
1303 3287 1330 3342 ei

155 3329 276 3438 populus
286 3356 429 3412 Romanus
442 3375 493 3427 pro
508 3356 606 3412 rostris
620 3355 717 3427 posuit
730 3360 760 3412 et
768 3356 908 3426 hodieque
918 3359 1011 3412 exstat
1020 3375 1070 3426 pro
1084 3357 1182 3413 rostris
1192 3355 1325 3428 Augusti'

155 3428 297 3498 (nimirum
315 3427 357 3482 ibi
375 3429 484 3484 statuta
502 3429 565 3483 ab'
556 3448 623 3500 imp.
620 3377 716 3497 Aug.
736 3429 770 3483 cf.
790 3428 903 3484 Sueton.
923 3428 994 3498 Aug.
1010 3431 1064 3498 31).

245 3502 272 3569 3)
291 3498 558 3555 BasisAbellanaO.
568 3501 589 3556 I.
599 3501 631 3556 L.
641 3501 674 3554 X.
687 3506 755 3554 1208
771 3500 883 3582 (videp.
895 3502 958 3570 354)
971 3499 1345 3566 continueritnedecretum„

156 3571 261 3624 ordinis
276 3571 311 3625 de
325 3572 420 3626 fimare
435 3572 549 3640 publico
564 3589 599 3625 an
614 3573 648 3626 de
664 3574 689 3626 st
691 3575 757 3626 atua
771 3570 882 3641 publice
898 3573 1028 3642 ponenda
1040 3589 1096 3626 non
1106 3568 1203 3638 liquet.
1230 3570 1328 3650 Neque

156 3643 299 3695 decretum
318 3645 360 3696 est
377 3644 531 3712 integrum,
551 3643 620 3698 satis
637 3642 797 3698 habueruut
810 3646 941 3712 parentes
955 3646 989 3712 (l)
1009 3642 1095 3711 caput
1109 3643 1138 3695 et
1151 3639 1328 3709 rogationem

155 3712 360 3768 inscribendam
375 3730 480 3783 curare,
499 3715 599 3768 deest
591 3732 716 3784 ipsump
717 3715 843 3769 tacitum
876 3715 935 3768 Nec
950 3715 985 3768 de
999 3715 1104 3768 honore
1119 3715 1231 3767 constat
1245 3731 1329 3783 quem

157 3785 327 3838 continuerit
341 3757 483 3840 decretuni
498 3785 716 3855 Neapolitanum
731 3785 826 3855 (lusor.
842 3783 938 3842 Graec.
953 3785 1017 3839 Ital.
1032 3786 1061 3838 et
1076 3783 1153 3838 Sicil.
1168 3784 1211 3838 ed.
1227 3784 1328 3839 Kaibel

156 3859 226 3925 760).
263 3854 409 3910 Kaibelius
428 3855 477 3909 ille
496 3857 607 3924 quidem
626 3857 770 3926 supplevit
787 3857 835 3911 lin.
851 3855 982 3928 9s10‘..
999 3858 1083 3925 ,[καί
1097 3857 1212 3910 θάπτειν
1227 3857 1329 3927 αὐτὴν]

156 3929 265 3996 δαπάνῃ
285 3929 334 3994 μὲν
349 3927 473 3997 δημοειᾳ,
492 3929 629 3998 ἐπιμελείᾳ
644 3931 675 3983 δὲ
687 3934 746 3983 των
760 3927 980 3996 προεηκόντωνὶ
1014 3927 1069 3982 Sed
1084 3945 1147 3982 cum
1162 3946 1187 3983 v.
1205 3935 1238 3981 14
1253 3930 1328 3996 lega-

155 3998 469 4168 uruuluttt
473 4000 899 4141 altratuulua
913 4000 1106 4141 fttltlltt.
1122 4001 1328 4151 ttlltt’t

156 4143 240 4196 verba
254 4141 302 4196 lin.
315 4147 347 4195 11
364 4142 420 4196 ‘aul
434 4143 472 4196 εἰ(
486 4149 575 4197 ταῦτα
585 4143 745 4199 ἑξοδιάζειν’
761 4141 953 4224 intellegenda
967 4144 1033 4197 sunt
1047 4142 1185 4196 defunere
1200 4140 1327 4210 publium

156 4213 388 4294 circumscribunt
413 4214 463 4268 ‘etc
481 4214 605 4282 κηδείαν’
631 4214 776 4268 vocabula
813 4213 844 4267 In
868 4212 960 4267 titulis
985 4216 1079 4268 autem
1103 4212 1226 4266 eiusdem
1250 4212 1328 4265 voln-

71 4321 74 4330 .
155 4283 238 4338 minis
257 4283 417 4340 Kaibeliani
437 4291 488 4340 vtv
508 4290 537 4340 et
551 4283 916 4354 vue(=.....01Lxlcea
933 4289 1013 4354 1490)
1032 4283 1117 4340 verba
1131 4283 1202 4336 liunt
1216 4284 1250 4336 de
1266 4283 1328 4337 loco

155 4355 328 4424 sepulturae,
356 4373 413 4410 non
437 4356 472 4411 de
495 4357 592 4411 funere
620 4355 698 4427 publ
679 4357 742 4412 rlco.
790 4356 864 4412 Ordo
893 4356 1018 4411 decernit
1043 4357 1155 4409 tantum
1183 4353 1212 4406 in
1235 4353 1328 4424 priore
1418 4353 1421 4360 ’

155 4431 196 4493 λιβ
182 4430 331 4497 βιανωτού)
350 4427 464 4497 Nuper)
485 4446 501 4482 κ
519 4428 718 4484 mittendasin
738 4427 874 4484 solacium
893 4429 1049 4497 parentum.
