3006 5152
159 275 224 339 322
586 277 741 333 [fridericus
759 235 898 333 Vollmer:

159 468 195 506 ex
209 449 331 507 familiis
346 447 540 508 nobilissimis
555 451 586 506 et
601 447 712 525 optime
728 447 841 508 meritis
857 448 987 508 tenuiter
999 451 1069 509 elati
1084 453 1159 510 sunt.
1168 442 1192 530 1)
1221 450 1332 521 Quodsi

160 538 269 597 cisium
288 538 367 597 bona
386 539 423 596 de
442 542 560 596 mortuo
579 538 678 612 opinio
697 539 855 598 metuebat
865 557 901 596 ne
920 542 1042 614 propter
1056 541 1228 615 pauperiem
1242 541 1331 600 nimis

95 625 101 638 '
159 626 213 685 vili
232 628 381 704 apparatu
400 627 556 686 efferretur
576 627 825 704 sepeliretnrque,
845 645 895 686 aes
915 627 1119 706 conferebant,
1143 649 1201 706 quo
1223 649 1332 705 pompa

160 719 191 773 et
209 719 435 776 monumentum
454 715 710 794 magnificentiora
735 709 973 795 redderentur.²)
1011 716 1167 776 Eiusmodi
1190 719 1331 794 pecuniae

159 805 350 864 collationem
376 805 525 882 privatam
553 805 645 864 fuisse
675 808 905 864 consentaneum
930 807 983 864 est.
1025 805 1110 876 Quod
1133 827 1193 865 una
1216 808 1331 866 familia

158 899 314 970 praestare
332 915 392 954 non
410 898 539 972 poterat,
558 895 726 970 complures
746 885 977 976 conferebant.³)
1016 889 1107 954 ‘Aere
1130 891 1259 955 conlato’
1278 917 1332 971 per

159 985 259 1042 omnia
273 984 393 1043 saecula
406 983 541 1042 Romana
555 983 661 1042 funera
675 984 813 1058 sepulcra
827 987 946 1044 statuae
960 985 1057 1060 clupei
1072 985 1185 1044 similes
1202 985 1330 1044 honores

158 1073 190 1130 in
208 1074 342 1132 homines
361 1073 551 1148 aliquatenus
570 1072 788 1132 benemeritos
808 1074 950 1131 cumulati
965 1078 1044 1133 sunt.
1076 1073 1236 1133 Pecuniam
1251 1074 1331 1132 haud

157 1161 202 1219 ita
225 1181 350 1237 parvam
373 1163 538 1220 exhibendo
565 1161 663 1220 funeri
686 1151 1036 1237 sollemnimpus'fuisse
1065 1163 1236 1239 intelleges,
1263 1181 1344 1221 eum·

158 1250 323 1325 pensitabis
341 1271 401 1310 non
425 1252 511 1310 modo
535 1250 708 1309 libitinariis
731 1251 945 1325 vespillonibus
970 1253 1021 1310 sed
1045 1253 1136 1310 etiam
1159 1252 1330 1310 cantoribus

158 1339 326 1400 sitieinibns
355 1340 445 1398 ludiis
474 1341 542 1398 inde
569 1357 706 1398 nummos
740 1339 855 1399 debitos
884 1359 957 1400 esse.
1003 1341 1167 1400 Praeterea
1200 1359 1330 1400 summas

248 1619 274 1686 1)
295 1617 340 1670 Sic
361 1615 409 1669 ‘II
424 1614 540 1669 Porcius
558 1615 627 1670 Cato
646 1615 729 1669 funus
748 1615 800 1670 filii
813 1615 841 1670 in
857 1617 988 1684 praetura
1002 1615 1105 1669 mortui
1119 1615 1283 1670 tenuissimo
1299 1619 1331 1670 ut

157 1687 251 1757 potuit
265 1719 299 1728 -
312 1704 378 1741 nam
397 1703 504 1756 pauper
522 1689 583 1742 erat
599 1719 630 1727 -—
646 1689 759 1756 sumptu
776 1686 854 1742 feeit’
877 1687 937 1740 Liv.
956 1705 1014 1756 per.
1029 1692 1071 1741 48.

248 1761 275 1828 2)
294 1759 335 1812 De
354 1758 498 1812 funeribus
517 1775 580 1812 aere
601 1759 713 1812 conlato
733 1757 824 1812 ductis
843 1760 978 1827 temporis
992 1759 1153 1816 vetustioris
1170 1761 1239 1813 haec
1255 1762 1329 1828 apud

158 1830 306 1898 scriptores
325 1829 432 1884 tradita
451 1831 534 1885 sunt·
561 1829 736 1883 Valerium
756 1828 969 1899 Poplicolam
988 1833 1079 1884 Amm.
1099 1829 1224 1884 Marcell.
1244 1830 1327 1897 (XIV.

158 1903 247 1970 c.11)
275 1903 373 1955 narrat
401 1900 567 1954 ‘conlaticia
594 1901 682 1970 stipe’
713 1901 860 1955 humatum
888 1917 962 1970 esse,
990 1899 1085 1955 Livius
1113 1902 1207 1956 autem
1232 1902 1276 1972 (II.
1298 1908 1330 1954 16

159 1971 199 2026 ‘P.
214 1971 344 2027 Valerius
364 2015 414 2028 ...
434 1971 553 2026 moritur
573 2015 579 2026 .
596 2015 623 2027 ..
643 1970 732 2042 copiis
751 1971 936 2027 familiaribus
960 1972 1030 2028 adeo
1055 1971 1162 2042 exiguis
1186 1975 1218 2026 ut
1240 1971 1330 2027 funeri

158 2044 286 2114 sumptus
306 2045 429 2098 deesset:
455 2045 490 2097 de
509 2043 623 2113 publico
643 2047 686 2098 est
704 2044 818 2112 elatus')
838 2046 867 2098 et
885 2043 1014 2098 Valerius
1032 2043 1170 2098 Maximus
1191 2044 1247 2114 (IV.
1263 2049 1287 2099 4.
1304 2048 1331 2114 1)

157 2115 288 2169 brevibus
307 2115 400 2170 verbis
420 2116 449 2168 et
462 2113 614 2184 Dionysius
627 2113 879 2169 HalicarnassensIs
897 2115 941 2184 (A.
957 2116 989 2170 a.
1004 2114 1037 2168 V.
1052 2121 1095 2170 48.
1111 2116 1139 2184 3)
1158 2113 1219 2169 fuse
1233 2114 1331 2170 dicunt

156 2186 252 2241 funere
266 2186 380 2256 publico
396 2186 512 2254 elatum,
526 2187 692 2240 Plutarchus
707 2185 796 2255 (Popl.
808 2193 841 2240 23
859 2187 886 2239 ‘d
902 2188 932 2240 δὲ
943 2189 1029 2254 δῆμος
1044 2187 1062 2258 [1
1078 2185 1112 2240 cf.
1128 2205 1154 2255 p.
1166 2192 1217 2240 329
1232 2190 1290 2242 not.
1302 2188 1330 2257 4]

157 2299 236 2313 .....
251 2259 409 2327 ἑψηφίεατο
428 2258 544 2328 tapecia
562 2263 687 2326 ταφῆναι
704 2259 739 2312 τὸ
758 2263 834 2324 ςῶμα
853 2261 898 2312 καὶ
915 2259 1135 2326 τεταρτημόριον
1155 2260 1267 2311 ἕκαςτοε
1286 2260 1330 2311 ἐπὶ

157 2337 222 2398 τιμῇ
242 2330 469 2398 (υνειεήνεγκεν)
490 2329 586 2383 ambas
609 2329 718 2383 fabulas
741 2328 856 2397 profert.
898 2328 1025 2383 Traditio
1049 2329 1083 2382 de
1106 2329 1201 2382 funere
1225 2328 1330 2382 Valerii

160 2401 285 2469 publico,
315 2417 435 2470 quacum
458 2400 533 2471 apud
555 2399 737 2454 Plutarchum
760 2402 789 2454 et
812 2401 975 2469 Dionysium
999 2397 1149 2454 coniuncta
1172 2402 1216 2453 est
1238 2416 1331 2454 narra-

156 2472 284 2526 tiuncula
303 2473 337 2526 de
357 2473 485 2541 sepulcro
501 2471 622 2526 Valeriis
641 2487 728 2540 prope
743 2470 855 2524 Veliam
874 2471 949 2526 intra
966 2471 1122 2541 pomerium
1137 2471 1203 2525 dato
1218 2469 1328 2524 videtur

156 2543 330 2598 numeranda
353 2560 413 2597 esse
436 2542 511 2597 inter
536 2543 652 2597 ficticias
676 2542 783 2596 ValerIi
805 2541 942 2610 Antiatis,
973 2543 1057 2610 'quem
1080 2544 1192 2597 constat
1215 2542 1273 2596 sire
1297 2559 1330 2596 ex

157 2615 365 2669 commentariis
390 2613 552 2668 domesticis
576 2613 634 2668 sive
658 2629 692 2667 ex
716 2631 766 2668 suo
788 2614 903 2683 ingenio
926 2615 1060 2668 honorem
1085 2613 1177 2683 gentis
1200 2612 1330 2668 Valeriae

156 2687 266 2740 auxisse
286 2686 331 2752 (cf.
351 2705 391 2741 ex.
411 2705 452 2756 gr.
471 2686 504 2741 fr.
522 2689 554 2739 17
573 2704 600 2755 p.
618 2690 668 2739 155
683 2684 763 2753 Pet).
796 2684 932 2740 Similiter
949 2701 994 2738 res
1018 2700 1048 2738 se
1071 2684 1159 2739 habet
1180 2684 1210 2738 in
1233 2683 1329 2738 funere

115 2821 117 2826 ,
155 2755 306 2811 Menenii
321 2757 503 2826 Agrippae.
529 2757 589 2810 Liv.
604 2755 648 2822 (ΙΙ.
665 2763 707 2810 33.
724 2759 775 2824 11),
796 2756 902 2810 Seneca
915 2758 960 2826 (ad
976 2757 1055 2810 Helv.
1073 2762 1114 2810 12.
1130 2760 1165 2825 5),
1184 2756 1246 2812 Val.
1257 2757 1330 2810 Max.

156 2829 213 2896 (IV.
229 2833 254 2883 4.
270 2831 306 2898 2),
325 2829 434 2882 Plinius
450 2829 494 2896 (11.
509 2827 543 2882 H.
559 2825 684 2882 XXXIII.
701 2832 742 2880 10.
759 2828 820 2896 138)
837 2827 954 2880 tradunt
968 2827 1122 2896 Agrippam
1143 2827 1330 2883 ‘sextantibus

157 2898 278 2954 conlatis
297 2900 326 2952 in
346 2898 452 2970 capita’
474 2899 588 2967 elatum,
608 2901 705 2953 contra
723 2896 882 2968 Dion.‚Hal.
900 2901 944 2969 (A.
961 2897 1054 2955 1111.
1070 2901 1115 2966 96)
1134 2898 1249 2966 longam
1267 2914 1330 2966 pro-

155 2970 361 3040 miraculum,
380 2988 437 3039 qua
455 2969 585 3024 audimus
603 2969 681 3038 prius
699 2968 810 3039 plebem
830 2970 939 3024 monitu
958 2970 1131 3024 tribunorum
1152 2969 1329 3023 constituisse

156 3058 203 3097 aes
223 3041 347 3097 conferre
365 3045 398 3096 ut
416 3040 589 3111 splendidius
607 3039 784 3095 funeraretur
802 3045 941 3109 mortuus,
968 3041 1068 3094 deinde
1088 3043 1216 3095 senatum
1234 3055 1269 3092 ne
1288 3040 1329 3093 in-

155 3117 252 3183 gratus
270 3113 414 3168 videretur
437 3113 520 3166 funus
544 3111 701 3167 decrevisse
724 3111 838 3180 publice
861 3111 1029 3168 faciendum.
1066 3111 1108 3166 De
1126 3111 1156 3166 P.
1175 3109 1330 3166 Valerio

158 3190 224 3253 (cos.
239 3191 292 3239 400
312 3203 336 3239 1.
353 3184 427 3253 Chr.)
444 3185 534 3238 tradit
546 3183 642 3237 Livius
661 3184 774 3238 auctore
793 3186 826 3236 ut
838 3181 950 3237 videtur
967 3182 1072 3252 etipse
1086 3181 1200 3236 Valerio
1215 3181 1329 3237 AntIate

155 3256 332 3326 (III.18.11)
359 3256 399 3310 ‘in
418 3255 541 3310 consulis
566 3255 680 3308 domum
703 3254 801 3324 plebes
824 3254 995 3322 quadrantes
1019 3255 1052 3308 ut
1074 3254 1170 3309 funere
1194 3254 1329 3324 ampliore

156 3327 300 3382 efferretur
317 3327 436 3382 iactasse
455 3326 567 3381 fertur’.
604 3328 635 3379 In
656 3326 686 3391 Q.
702 3325 807 3380 Fabio
825 3324 972 3381 Maximo
990 3327 1064 3380 teste
1080 3325 1194 3381 Valerio
1209 3327 1330 3380 Maximo

159 3398 203 3467 (V.
217 3404 242 3454 2.
258 3401 287 3469 3)
299 3399 450 3468 .‘magnum
469 3398 545 3468 grati
563 3396 662 3466 populi
681 3397 824 3467 specimen
847 3397 961 3465 enituit,
985 3415 1051 3452 nam
1075 3415 1138 3451 cum
1156 3398 1182 3451 V
1201 3396 1325 3451 consula-

154 3469 231 3524 tibus
251 3469 412 3524 salutariter
429 3471 471 3524 rei
489 3468 621 3539 publicae
640 3468 843 3526 administratis
863 3470 1038 3534 decessisset,
1057 3467 1185 3523 certatim
1200 3483 1247 3522 aes
1263 3483 1329 3520 con-

155 3540 230 3608 tulit,
251 3559 305 3610 quo
324 3541 414 3596 maior
433 3543 462 3596 et
481 3541 632 3608 speciosior
651 3540 710 3594 eius
724 3539 830 3594 funeris
844 3555 948 3610 pompa
967 3538 1177 3610 perduceretur’
1194 3537 1238 3607 (ef.
1255 3541 1327 3593 auct.

156 3612 190 3666 de
209 3613 276 3666 viris
295 3613 394 3668 illustr.
410 3615 463 3680 32).
483 3611 513 3665 P.
529 3611 709 3666 Cornelius
727 3609 757 3664 P.
777 3611 794 3665 f.
816 3611 863 3668 On.
883 3631 911 3666 n.
927 3611 1042 3680 Scipio
1061 3609 1165 3664 Nasica
1179 3609 1328 3664 Corculum

155 3686 240 3754 (cens.
256 3684 392 3755 5951169)
411 3684 532 3738 ‘obierat
549 3681 578 3736 in
598 3682 744 3738 tribunatu
758 3681 853 3752 plebei
867 3683 1018 3736 admodum
1032 3683 1129 3751 gratus
1202 3697 1254 3735 nec
1269 3683 1329 3735 erat

155 3757 183 3809 in
204 3755 284 3808 bonis
303 3756 408 3810 funeris
427 3755 561 3825 impensa.
581 3771 657 3808 asses
677 3770 744 3822 ergo
764 3753 884 3809 eontulit
905 3753 1025 3823 populus
1040 3771 1073 3807 ac
1086 3752 1170 3806 funus
1185 3751 1328 3807 elocavit’.

155 3826 227 3880 Plin.
241 3825 275 3880 N.
287 3827 320 3882 H.
332 3832 374 3882 21.
390 3828 429 3896 (7)
446 3833 479 3880 10
493 3824 650 3896 (confundit
659 3825 729 3879 Plin.
744 3826 854 3893 patrem
869 3826 898 3880 et
911 3824 1000 3879 filium
1014 3824 1216 3894 Serapionem).
1242 3823 1327 3878 Vides

156 3898 306 3968 scriptores
324 3897 354 3952 in
373 3898 512 3968 fingendis
531 3897 668 3952 maiorum
687 3895 839 3951 honoribus
856 3897 939 3951 funus
953 3896 1097 3966 publicum
1112 3897 1141 3950 et
1155 3895 1327 3950 collaticium

155 3987 211 4024 non
230 3969 299 4023 data
317 3986 402 4039 opera
421 3969 600 4056 seiunxima.
618 3967 748 4023 ceterum
768 3969 801 4022 ef.
821 3987 847 4037 p.
862 3975 922 4023 324.

221 4073 223 4076 —
245 4044 272 4111 3)
291 4042 333 4095 Ex
351 4042 450 4096 eodem
470 4041 562 4096 studio
581 4038 1068 4109 11111111001103111110111111,
1094 4037 1237 4093 hodiernis
1256 4037 1325 4089 tem·

155 4112 269 4182 poribus
298 4111 433 4168 sodalieia
460 4111 581 4166 militum
600 4129 632 4165 sc
655 4109 767 4165 similia.
809 4109 942 4180 Sumptus
968 4113 1062 4166 autem
1086 4109 1239 4164 familiares
1262 4123 1327 4161 aere

156 4182 297 4238 collaticio
326 4185 371 4239 vel
394 4183 507 4254 publico
536 4181 609 4236 solvi
637 4183 750 4236 omnino
772 4196 828 4235 non
851 4181 973 4236 alienum
997 4186 1039 4237 est
1062 4200 1080 4236 a
1102 4180 1243 4234 Romanis.
1286 4175 1326 4258 Cf.

155 4257 245 4309 Amm.
265 4255 388 4310 Marcell.
408 4253 567 4310 XIV.6.11
591 4253 733 4308 ‘subsidiis
753 4251 907 4307 amicorum
926 4253 1021 4308 mariti
1039 4253 1121 4320 inops
1144 4268 1207 4304 cum
1231 4249 1327 4304 libens

155 4342 224 4378 uxor
242 4325 328 4379 alitur
346 4326 447 4396 Reguli
467 4329 496 4380 et
515 4326 629 4380 dotatur·
648 4343 681 4380 ex
702 4324 811 4378 aerario
835 4325 893 4378 filia
911 4322 1075 4395 Scipionis’.
1110 4321 1172 4376 Sen.
1192 4322 1227 4375 ad
1247 4319 1326 4374 Helu.

156 4396 216 4450 Xll.
231 4401 256 4452 ὅ.
289 4396 371 4465 Apul.
391 4398 473 4465 Apol.
491 4397 511 4452 I.
529 4403 562 4452 18
585 4398 645 4452 vita
662 4398 767 4451 Bonosi
790 4397 859 4466 (Ser.
879 4397 950 4451 Hist.
970 4396 1041 4462 Aug.
1061 4393 1095 4447 II.
1111 4397 1174 4462 213)
1199 4392 1328 4460 ‘sumptu

157 4468 242 4521 etiam
262 4467 376 4536 publico
395 4469 508 4538 nuptias
528 4469 704 4523 celebrabis’.
