3006 5152
172 271 238 334 324
599 267 754 323 Vridericus
772 267 910 323 Vollmer:

172 441 284 498 funeris
307 439 420 515 publici
445 441 627 498 ornaverunt
654 438 788 498 homines
811 431 972 518 creduli¹),
999 437 1272 496 commemorandus
1298 441 1344 495 est

176 531 208 588 T.
229 529 367 587 Siccius
391 527 571 587 Dentatus
599 529 717 604 legatus
740 529 828 587 heros
842 518 1028 604 =plebeius.2)
1070 527 1159 585 Hunc
1182 527 1343 586 secundum

172 618 330 694 plebeiam,
350 637 425 694 quae
443 619 498 676 hac
518 636 634 695 quoque
653 617 685 675 in
703 636 736 675 re
754 617 896 693 patricios
915 616 1131 692 aemulabatur,
1150 616 1341 675 traditionem

173 708 335 782 Dionysius
350 698 654 786 Halicarnassensis3)
674 709 778 765 narrat
799 706 907 765 milites
921 704 1062 764 habuisse
1076 706 1180 779 somilo
1195 700 1342 779 bqpocioic

174 790 271 858 ἄξιον.
304 788 438 876 Livius4)
458 816 521 854 rem
540 795 636 855 fusius
655 797 754 854 refert.
789 795 882 854 Siccio
901 813 956 870 per
969 795 1093 854 insidias
1108 795 1344 853 decemvirorum

173 905 249 945 anno
261 879 408 963 307J447
419 887 451 943 in
461 883 579 943 Sabinis
590 885 686 944 occiso
702 879 842 944 ‘invidiae
856 884 946 959 plena
959 885 1059 943 castra
1074 886 1159 942 erant
1173 886 1205 942 et
1218 884 1343 942 Romam

173 975 246 1034 ferri
259 976 395 1050 protinus
411 973 537 1032 Siccium
552 974 699 1051 placebat,
713 975 744 1030 ni
759 973 918 1034 decemviri
932 973 1022 1031 funus
1037 973 1168 1031 militare
1182 972 1210 1031 ei
1224 971 1345 1047 publica

172 1065 307 1139 impensa
325 1065 422 1122 iacere
441 1066 653 1122 maturassent.
691 1062 832 1138 Sepultus
850 1063 965 1139 ingenti
985 1063 1113 1120 rnilitum
1139 1053 1344 1140 maestitia’.⁵)

308 1208 408 1320 videp
411 1256 483 1304 ,312
503 1253 590 1304 not.2

308 1322 342 1378 cf
362 1321 516 1377 Mommsen
535 1291 614 1375 Rom.
634 1322 895 1390 Porseh.lp.110.

262 1534 348 1603 5)De
369 1505 480 1588 funere
500 1533 633 1588 militari’
659 1537 725 1617 post
743 1532 910 1589 (lutherium
929 1533 1040 1602 (Graes.
1061 1534 1166 1602 antiqu.
1186 1535 1265 1588 Rom.
1285 1533 1344 1588 XlI.

173 1626 201 1676 p.
217 1607 297 1677 1099)
315 1621 452 1673 nusquam
472 1604 672 1660 accuratiora'
664 1607 777 1661 invenio
800 1621 890 1678 neque
915 1607 989 1673 apud
1008 1605 1240 1674 Marquardtium.
1277 1607 1346 1659 Post

172 1695 283 1804 llil
299 1677 463 1802 libri*
480 1679 689 1818 {tillidi
693 1669 826 1803 iolla
838 1675 1344 1817 111011101011λὲ111

174 1820 205 1874 fit
229 1836 312 1889 quem
336 1819 479 1873 celerrime
507 1818 605 1873 habita
588 1837 612 1874 a.
651 1818 688 1872 Os
712 1821 849 1874 resectum
872 1821 905 1873 nt
928 1820 1042 1874 domum
1068 1818 1227 1874 mitteretur
1249 1819 1344 1889 ibique

177 1891 344 1961 sepeliretur
362 1908 396 1946 ne
413 1892 495 1959 putes
510 1889 540 1943 in
555 1890 682 1944 omnibus
698 1889 805 1944 civibus
821 1889 953 1944 Romanis
966 1892 1070 1944 factum
1086 1907 1155 1958 esse,
1176 1906 1343 1959 quamquam

172 1963 229 2016 iam
248 1979 299 2032 per
318 1962 371 2015 XII
384 1960 497 2016 tabulas
516 1961 622 2016 licebat
635 1963 664 2015 in
678 1961 816 2016 mortibus
836 1961 946 2016 bellicis
960 1965 989 2016 et
1002 1961 1158 2032 peregrinis
1173 1978 1237 2016 ossa
1251 1963 1343 2030 legere

174 2050 228 2102 quo
247 2036 313 2103 post
331 2034 415 2086 funus
433 2033 520 2087 fieret.
557 2033 782 2087 Consentaneum
806 2035 849 2087 est
867 2035 991 2088 mortuos
1015 2034 1142 2087 consules
1165 2033 1274 2101 legatos
1294 2033 1343 2086 tri-

173 2106 263 2159 bunos
276 2106 441 2174 plerumque
455 2103 574 2158 Romam
587 2106 790 2174 transportatos
805 2121 872 2159 esse.
905 2105 1014 2158 Funera
1028 2103 1140 2172 quidem
1155 2104 1184 2158 P.
1195 2104 1343 2158 Deciorum

172 2175 410 2246 Liviue(VIII.10
426 2175 713 2244 sollemnesque
729 2176 815 2229 omni
831 2177 937 2230 bonore
951 2174 1136 2244 laudibusque
1150 2175 1269 2230 meritis'
1285 2175 1345 2229 fieri

173 2247 243 2301 facit
261 2248 391 2316 idemque
411 2245 524 2300 videtur
542 2245 596 2300 sibi
614 2247 784 2316 persuasisse
804 2247 838 2300 de
854 2247 894 2300 Ti.
911 2245 1074 2316 Sempronio
1089 2247 1213 2302 Graccho
1233 2247 1344 2300 mortuo

173 2335 197 2374 a.
216 2318 339 2399 olosma
359 2317 453 2387 (XXV.
471 2321 523 2386 17).
561 2319 601 2372 De
620 2317 703 2372 Drusi
721 2319 817 2373 funere
836 2321 934 2372 auctor
951 2318 1028 2372 haud
1051 2319 1241 2400 spernendus
1239 2318 1343 2372 consol.

172 2391 207 2443 ad
225 2389 283 2444 Liv
298 2393 333 2458 (v.
352 2395 401 2443 169
410 2389 481 2457 sqq)
501 2389 599 2442 scribit
618 2389 728 2443 ‘ducem
747 2391 849 2444 arsuris
869 2389 1004 2444 exercitus
1023 2388 1112 2444 omnis
1129 2389 1157 2442 in
1172 2388 1257 2443 armis
1270 2389 1344 2443 inter

172 2476 245 2527 quae
263 2461 348 2528 periit
364 2477 468 2529 ponere
488 2463 579 2514 certus
599 2463 673 2514 erat.
692 2461 811 2515 abstulit
828 2461 924 2516 invitis
944 2477 1042 2530 corpus
1060 2459 1221 2514 venerabile
1236 2460 1343 2514 frater’.

116 2593 118 2596 ¹
170 2531 240 2585 Post
259 2549 384 2600 pugnam
404 2532 498 2586 autem
517 2531 703 2586 Mutinensem
721 2531 828 2586 Hirtius
855 2537 884 2586 et
902 2534 994 2586 Pansa
1010 2530 1123 2601 publice
1141 2531 1246 2586 Romae
1265 2530 1342 2584 fune-

170 2603 228 2656 rati
247 2605 312 2656 sunt
331 2600 404 2670 (Val.
419 2602 491 2656 Max.
509 2601 541 2657 V.
556 2608 580 2658 2.
598 2606 651 2672 10),
671 2603 774 2657 milites
789 2602 919 2672 volgares
934 2620 951 2657 a
964 2602 1093 2657 Nursinis
1107 2604 1216 2658 tumulo
1231 2602 1343 2674 publice

169 2676 312 2728 exstructo
336 2672 442 2727 conditi
419 2673 553 2743 t(Suet.
567 2673 638 2744 Aug.
656 2677 715 2743 12),
743 2673 848 2728 Romae
876 2674 975 2728 iisdem
1005 2676 1036 2728 ut
1063 2673 1205 2730 locaretur
1231 2675 1344 2744 publice

170 2747 382 2799 monumentum
403 2742 498 2800 Cicero
525 2747 622 2798 auctor
644 2745 730 2798 fuit'
722 2763 751 2799 ιιι
776 2747 875 2800 senatu
893 2749 943 2814 (or.
961 2745 1034 2799 Phil.
1049 2744 1122 2800 XIV.
1138 2748 1186 2828 38)
1207 2748 1291 2870 atque
1314 2745 1344 2798 id

170 2817 230 2870 ut'
223 2833 283 2886 ipso
303 2815 372 2870 dicit
390 2818 457 2869 tunc
475 2815 597 2885 primum
616 2817 790 2886 postulatum
810 2819 853 2872 est
866 2817 942 2884 (ibid
959 2819 1012 2884 33).
1045 2816 1186 2870 Senatus'
1178 2816 1231 2886 1git
1232 2835 1265 2870 ur
1280 2833 1343 2870 con-

169 2887 275 2941 sultum
294 2887 369 2955 qnod
383 2887 527 2956 Appianas
546 2887 583 2958 (b.
599 2903 622 2940 e.
638 2889 657 2941 Ι.
673 2889 718 2957 43)
737 2905 810 2942 ιιιιοο
826 2888 892 2960 664)
897 2894 930 2942 90
947 2887 1097 2942 Ῥουτιλίου
1112 2889 1152 2954 (P.
1168 2887 1257 2941 Rutili
1272 2887 1344 2955 Lupi

171 2963 238 3030 cos.)
261 2964 313 3013 τοῦ
340 2960 466 3024 (dannot
494 2961 538 3012 καὶ
565 2962 676 3012 πολλῶν
705 2961 796 3013 ἄλλων
824 2961 969 3026 ἐπιφανῶν
993 2961 1035 3012 inl
1063 2963 1158 3026 ταφὴν
1182 2961 1210 3012 ἐ(
1234 2960 1342 3025 Ῥώμην

171 3032 342 3098 ἐνεχθέντων
361 3029 468 3084 factum
488 3047 547 3084 esse
566 3031 688 3084 testatur
707 3047 817 3098 quoque
834 3030 939 3084 iussum
959 3032 1020 3084 erat
1037 3032 1104 3082 robe
1117 3031 1343 3096 ἀποθνήεκοντοιε

169 3104 199 3155 ἐν
218 3109 277 3156 τοῖς
294 3102 424 3167 πολέμοιο
442 3103 561 3168 ἔνθαπερ
581 3104 615 3155 ἂν
634 3103 735 3156 θάνωει
754 3103 901 3155 θάπτειθαι
919 3107 971 3154 τοῦ
991 3104 1027 3167 μὴ
1042 3103 1109 3154 τοὺς
1123 3103 1236 3154 λοιποὺς
1249 3101 1280 3154 ἐκ
1293 3106 1344 3168 τῆς

169 3175 263 3240 ὅψεως
291 3173 491 3240 ἀποτρέπεεθαι
518 3177 577 3226 τῶν
602 3179 753 3240 (opusculis
776 3170 889 3226 videtur
911 3187 967 3225 non
991 3171 1142 3241 diligenter
1165 3172 1343 3227 observatum

169 3262 239 3298 esse.
250 3275 283 3284 -
295 3243 401 3308 Quodsi
415 3242 525 3298 occasio
539 3244 703 3310 postulabat
712 3243 743 3297 ui
752 3242 856 3312 singuli
865 3241 1061 3297 funerarentur
1069 3241 1183 3312 milites,
1197 3242 1342 3313 impensae

171 3331 205 3368 ex
224 3315 372 3369 undecimo
391 3313 453 3368 folli
476 3313 629 3381 dabantur,
657 3316 698 3368 ‘in
717 3315 811 3384 quem'
836 3315 909 3369 teste
927 3313 1049 3384 Vegetio
1064 3313 1097 3371 ll.
1113 3319 1148 3369 20
1173 3316 1246 3370 ‘tota
1267 3313 1343 3384 legio

171 3385 340 3455 particulam
360 3384 485 3454 aliquam
504 3385 667 3440 conferebat
691 3387 849 3456 sepulturae
873 3385 983 3441 scilicet
1006 3404 1102 3454 causa,
1124 3388 1155 3440 ut
1179 3387 1203 3440 si
1226 3386 1287 3454 quis
1310 3404 1344 3440 ex

171 3456 415 3512 contubernalibus
435 3456 597 3526 defecisset,
615 3458 650 3511 de
668 3456 719 3511 illo
738 3457 885 3540 undecimo
906 3473 986 3512 sacco
1006 3459 1042 3512 ad
1061 3456 1262 3526 sepulturam
1253 3456 1342 3524 rpsius

168 3529 342 3597 promeretur
361 3528 503 3598 expensa’.
540 3500 633 3598 Atque
652 3532 685 3582 ut
703 3532 796 3583 castra
815 3527 868 3584 viis
887 3529 948 3584 foro
967 3528 1103 3584 tribunali
1126 3529 1223 3583 urbem
1246 3527 1339 3582 imita-

167 3601 282 3668 bantur,
308 3600 352 3654 ita
370 3599 492 3654 conicias
510 3597 615 3654 funeris
634 3600 705 3653 ritus
729 3603 884 3655 castrenses
907 3601 943 3654 ad
965 3599 1087 3655 urbanos
1111 3600 1246 3654 formatos
1270 3615 1339 3654 esse.

169 3671 300 3726 Fortasse
318 3671 461 3740 praefecto
480 3672 634 3726 castrorum
654 3670 763 3752 (Veget.
777 3671 810 3726 ll.
828 3674 871 3741 10)
890 3671 963 3726 inter
982 3688 1096 3726 munera
1115 3673 1176 3726 erat
1194 3670 1238 3725 his
1256 3671 1339 3726 rebus

167 3743 335 3812 prospicere.
373 3741 474 3797 Evenit
491 3745 585 3796 tamen
604 3744 636 3796 ut
655 3741 740 3796 etiam
759 3741 910 3797 militum
901 3761 930 3796 111
950 3743 1046 3798 castris
1069 3741 1214 3796 funeribus
1238 3743 1340 3812 aliquis

167 3815 256 3879 honor
280 3813 436 3869 adderetur.
473 3812 619 3883 Appianus
639 3815 675 3882 (b.
691 3831 714 3868 c.
728 3813 762 3870 ΙΙ,
778 3815 825 3884 82)
846 3816 943 3868 narrat
966 3812 1105 3869 Crassicio
1131 3815 1289 3870 centurioni
1311 3814 1339 3867 in

167 3902 263 3954 pugna
281 3884 442 3939 Pharsalica
459 3885 611 3940 fortissimo
631 3884 724 3954 ipsum
743 3885 889 3939 Caesarem
912 3886 1006 3952 τάφον
1029 3884 1170 3953 ἐξαίρετον
1188 3888 1271 3952 ἐγγὺς
1288 3890 1339 3938 τοῦ

166 3956 354 4038 πολυανδρίου
369 3956 488 4010 dedisse.
516 3957 553 4009 Et
567 3974 651 4038 supra
664 3957 721 4010 iam
737 3955 1016 4011 commemoravimus
1031 3957 1169 4012 militibus
1184 3956 1250 4011 Dec.
1260 3955 1339 4008 Bruti

166 4027 196 4081 in
205 4045 272 4110 pug
274 4044 310 4083 na
328 4026 482 4083 Mutinensi
500 4026 588 4082 caesis
607 4045 625 4082 a
642 4027 771 4082 Nursinis
789 4027 901 4096 publice
919 4028 1059 4082 tumulum
1079 4030 1249 4083 exstructum
1268 4040 1338 4091 esse,

167 4097 246 4153 cuius
266 4099 365 4152 titulus
383 4101 504 4154 testatus
523 4099 594 4153 eos‘
596 4116 647 4169 pro
662 4098 747 4153 libert
735 4102 794 4154 tate
809 4097 984 4154 occubuisse’
1001 4098 1173 4156 Octaviani
1164 4115 1234 4152 iram
1249 4095 1340 4150 movit

167 4169 253 4237 (Suet.
275 4170 346 4240 Aug.
371 4173 423 4239 12).
472 4169 583 4224 Similes
596 4119 728 4225 phonores
757 4171 786 4226 (λ
810 4168 932 4224 Hostilio
961 4173 989 4225 et
1016 4170 1045 4228 P.
1070 4168 1190 4250 Egnatio
1217 4165 1337 4221 tribunis

167 4239 286 4308 legionis
301 4241 353 4296 XV
371 4259 388 4295 a
407 4241 593 4297 (lilinensibus
613 4244 641 4296 et
659 4241 832 4296 Norensibue
854 4240 968 4298 habitos
992 4259 1052 4298 esse
1075 4238 1165 4295 voluit
1188 4237 1237 4306 qui
1259 4237 1340 4292 finxit

166 4310 265 4365 titulos
280 4312 354 4382 apud
370 4314 559 4395 Gruterump.
572 4313 692 4368 DXLIV.
703 4318 764 4368 4ο.
783 4314 817 4370 of.
830 4311 858 4367 0.
869 4313 889 4370 I
901 4314 930 4369 L.
941 4312 973 4368 V.
987 4319 1062 4368 1807
1093 4311 1135 4363 De
1146 4308 1230 4363 Slccn
1244 4311 1339 4363 autem

167 4382 264 4437 funere
283 4385 356 4436 unde
374 4385 515 4466 progressi
536 4401 630 4439 sumus
647 4383 837 4440 coniecturam
851 4386 943 4440 facere
956 4401 1011 4438 non
1026 4397 1127 4463 operae
1143 4397 1203 4436 esse
1218 4381 1340 4451 pretium

167 4454 247 4508 duco.
280 4454 319 4508 At
338 4455 386 4507 dat
374 4457 405 4506 ta
424 4457 569 4509 occasione
584 4455 663 4512 lubet
677 4457 810 4511 adnotare
824 4469 880 4510 non
894 4453 1058 4510 inusitatum
1073 4450 1160 4508 fuisse
1175 4452 1288 4507 sicut'
1262 4471 1340 4508 vrros
