3006 5152
503 271 544 329 De
562 273 659 328 funere
677 273 790 344 publico
808 272 1004 330 Romanorum.
1275 272 1341 336 333

171 447 209 505 ad
232 444 453 506 miserationem
483 447 513 503 et
538 443 682 504 invidiam
709 444 807 504 caedis
836 443 900 503 eius
929 442 1152 504 accommodata
1175 462 1210 503 en
1233 443 1344 503 Pacuvi

171 536 334 594 Armorum
353 534 463 593 iudicio
482 534 567 610 „Men
588 553 723 594 servasse
742 537 777 592 ut
796 537 896 592 essent
914 534 965 609 qni
983 553 1030 592 me
1045 531 1243 609 perderent?“
1263 537 1295 592 et
1309 552 1343 592 ex

172 626 294 684 Electra
302 623 378 683 Atili
393 623 431 682 ad
441 623 568 682 similem
585 623 773 682 sententiam.
801 622 995 682 Laudationis
1006 623 1071 682 loeo
1083 624 1186 682 consul
1197 623 1344 682 Antonius

171 733 226 789 per
243 704 420 789 praeconem
439 712 646 788 pronuntiavit
664 716 786 772 senatus
806 713 988 787 consultum,
1014 731 1072 788 quo
1092 713 1191 771 omnia
1209 713 1299 770 simul
1317 712 1346 770 ei

173 803 276 864 divina
295 806 384 878 atque
402 795 565 878 humana¹)
586 802 768 875 decreverat,
787 801 858 860 item
877 801 1098 877 iusiurandum,
1117 820 1175 877 quo
1195 819 1226 860 se
1246 801 1344 860 cuncti

174 910 228 967 pro
248 893 343 951 salute
362 891 450 950 unius
475 891 690 967 astrinxerant,
716 891 826 966 quibus
850 909 1036 967 perpaucas
1054 909 1085 950 se
1103 889 1197 951 verba
1220 890 1344 950 addidit.

174 980 297 1041 Lectum
316 1000 370 1057 pro
389 979 496 1040 rostris
515 981 546 1038 in
564 979 662 1039 forum
686 981 882 1058 magistratus
906 983 936 1039 et
958 980 1120 1039 honoribus
1144 980 1239 1038 functi
1262 979 1344 1038 detu-

173 1070 280 1130 lerunt.
318 1069 413 1140 Quem
437 1087 505 1127 cum
528 1087 597 1144 pars
620 1069 651 1126 in
676 1064 839 1144 Capitolini
861 1068 942 1128 Iovis
968 1069 1045 1128 cella
1066 1087 1199 1128 cremare
1220 1087 1291 1144 pars
1314 1069 1345 1126 in

114 1155 115 1160 ’
172 1159 256 1217 curia
270 1159 393 1234 Pompei
407 1157 580 1235 destinaret,
599 1160 721 1233 repente
738 1159 796 1216 duo
812 1157 933 1234 quidam
946 1159 1054 1235 gladiis
1070 1157 1213 1218 succincti
1226 1175 1261 1218 ac
1274 1157 1346 1216 bina

172 1249 272 1307 iacula
289 1249 444 1326 gestantes
463 1247 637 1306 ardentibus
657 1247 749 1306 cereis
765 1247 981 1306 succenderunt
994 1248 1209 1323 confestimque
1223 1247 1345 1308 circum-

173 1337 320 1396 stantium
339 1336 429 1396 turba
446 1336 580 1414 virgulta
599 1336 683 1394 arida
706 1338 822 1394 etcum
846 1335 996 1396 subselliis
1019 1336 1183 1395 tribunalia
1205 1335 1346 1412 quicquid

173 1429 330 1503 praeterea
352 1424 390 1483 ad
409 1426 530 1485 domum
553 1425 659 1484 aderat
684 1425 842 1501 congessit.
883 1424 998 1484 Deinde
1023 1425 1160 1484 tibicines
1184 1428 1214 1484 et
1237 1424 1345 1485 scenici

174 1514 303 1575 artifices
322 1517 450 1588 vestem,
477 1533 566 1591 quam
586 1533 622 1572 ex
639 1515 861 1591 triumphorum
879 1515 1078 1574 instrumento
1098 1515 1136 1573 ad
1154 1517 1343 1591 praesentem

172 1623 260 1663 usum
279 1603 447 1680 induerant,
466 1604 631 1662 detractam
651 1603 709 1664 sibi
728 1609 819 1681 atque
838 1603 992 1664 discissam
1011 1604 1138 1664 iniecere
1157 1603 1295 1663 flammae
1314 1608 1345 1662 et

171 1697 380 1753 veteranorum
399 1692 530 1752 militum
549 1693 707 1769 legionarii
725 1712 809 1751 arma
829 1712 883 1752 sua
901 1693 1010 1769 quibus
1029 1693 1139 1752 exculti
1157 1694 1247 1752 funus
1266 1694 1342 1752 cele-

171 1782 313 1859 brabant,
337 1785 493 1842 matrouae
512 1781 603 1841 etiam
621 1783 781 1858 pleraeque
800 1784 975 1842 ornamenta
998 1801 1065 1856 sua,
1090 1801 1166 1858 quae
1189 1782 1344 1858 gerebant,

172 1874 202 1930 et
225 1871 388 1931 liberorum
416 1871 515 1930 bullas
539 1877 629 1947 atque
657 1873 837 1947 praetextas.
878 1871 914 1930 In
937 1889 1052 1931 summo
1080 1871 1199 1947 publico
1227 1863 1343 1950 luctu¹)

171 1964 341 2020 exterarum
360 1961 496 2038 gentium
514 1960 677 2019 multitudo
704 1959 871 2020 circulatim
895 1979 948 2020 suo
972 1980 1105 2036 quaeque
1128 1979 1211 2020 more
1233 1963 1343 2020 lamon-

171 2052 237 2108 tata
261 2053 307 2109 est
329 2051 548 2126 praecipueque
572 2049 676 2109 Iudaei
697 2050 749 2126 qui
773 2050 863 2108 etiam
886 2050 1022 2110 noctibus
1049 2051 1196 2110 continuis
1220 2050 1343 2110 bustum

170 2133 420 2214 frequentarunt?

260 2227 426 2305 Augusto
442 2246 567 2304 pompas
581 2227 695 2287 funeris
708 2227 836 2286 maxime
851 2227 933 2287 cordi
946 2226 1039 2286 fuisse
1055 2227 1213 2303 scriptores
1229 2227 1341 2287 docent.

171 2315 289 2375 Attiam
311 2320 438 2376 matrem
463 2308 619 2398 (712142)
644 2321 674 2377 et
698 2316 865 2393 Sphaerum
887 2317 1097 2392 paedagogum
1117 2310 1274 2396 (714l40)
1297 2336 1344 2375 ex-

171 2405 278 2465 tulisse
287 2406 414 2484 publice,
424 2406 600 2465 Marcellum
610 2403 643 2484 (7
648 2408 686 2464 31
691 2400 707 2483 s
711 2399 768 2486 23)
778 2406 883 2464 funere
892 2405 1012 2481 publico
1023 2407 1054 2463 et
1063 2405 1166 2464 multis
1180 2406 1342 2465 honoribus

171 2513 303 2571 ornasse,
321 2495 489 2572 Agrippam
508 2495 634 2570 denique
654 2486 812 2577 (742s12)
831 2491 867 2556 ἐν
885 2495 931 2574 τῷ
949 2489 1061 2574 τρόπῳ
1080 2491 1116 2555 ἐν
1138 2489 1164 2573 ᾧ
1179 2490 1229 2554 καὶ
1246 2490 1343 2554 αὐτὸ(

172 2579 250 2656 μετὰ
277 2583 378 2643 ταῦτα
405 2581 557 2658 ἐξηνέχθη
587 2585 742 2644 funerasse
765 2585 904 2644 traditur.
944 2583 1065 2645 Mortua
1089 2583 1213 2644 Octavia
1241 2603 1343 2644 sorore

172 2664 328 2749 (743s11)
347 2667 496 2746 δημόειον
514 2670 553 2731 τὸ
572 2670 690 2732 πένθος
716 2668 945 2747 ἀλλαξαμένων
968 2672 1026 2748 τὴν
1046 2669 1159 2747 ἐεθῆτα
1183 2672 1249 2733 τῶν
1270 2673 1342 2748 βου-

172 2759 294 2819 λευτῶν
322 2757 461 2832 ἐγένετο.
512 2762 630 2820 Drusus
660 2754 795 2843 (745l9)
823 2762 938 2838 ingenti
966 2764 997 2821 et
1024 2763 1162 2822 luctuosa
1189 2781 1300 2839 pompa
1327 2781 1343 2821 e
1395 2825 1398 2838 ,

172 2846 332 2908 Germania
350 2851 514 2910 translatus
534 2869 552 2910 a
569 2851 642 2911 viris
662 2851 807 2910 senatorii
825 2855 856 2910 et
876 2851 1023 2928 equestris
1043 2851 1155 2910 ordinis
1175 2853 1213 2910 ad
1237 2871 1343 2928 rogum

171 2941 307 3013 portatus
323 2943 353 2999 et
367 2940 529 2999 honoribus
544 2940 715 2998 cumulatus
730 2931 818 3020 ascl),
833 2959 909 3016 quae
924 2941 1024 2999 omnia
1037 2941 1167 3016 perbene
1181 2944 1343 2999 narrantur

170 3028 201 3085 in
221 3028 422 3088 consolatione
441 3029 480 3087 ad
493 3028 618 3089 Liviam.
652 3028 765 3088 Versus
779 3029 927 3104 carminis,
946 3030 1024 3104 quod
1039 3047 1095 3104 ego
1109 3048 1228 3105 quoque
1242 3030 1342 3106 potius

171 3116 303 3197 eiusdem
322 3137 386 3178 esse
405 3119 472 3178 aevi
490 3118 573 3177 cuius
593 3120 664 3177 sunt
682 3136 739 3194 res,
758 3136 849 3193 quam
866 3117 1040 3194 posterioris
1056 3117 1152 3193 crede,
1174 3119 1290 3193 adpone
1305 3118 1343 3176 ad

170 3225 218 3264 res
237 3206 433 3268 illustrandas
451 3207 622 3284 potissimos
644 3210 706 3267 167
718 3225 782 3284 sqq.

331 3361 420 3436 ‘Quin
439 3368 528 3426 etiam
549 3385 656 3444 corpus
675 3367 766 3426 matri
784 3367 833 3428 vix
852 3367 960 3444 vixque
979 3368 1136 3428 remissum

375 3457 522 3533 exsequiis
542 3457 646 3534 caruit,
665 3456 761 3534 Livia,
779 3475 874 3531 paene
892 3457 962 3517 suis.

332 3545 448 3622 Quippe
467 3547 572 3606 ducem
590 3546 703 3606 arsuris
723 3545 868 3605 exercitus
887 3546 983 3628 omnis
1001 3546 1033 3604 in
1052 3547 1142 3605 armis

175 3643 225 3692 170
376 3636 456 3694 inter
474 3655 551 3712 quae
567 3635 658 3711 periit
676 3654 786 3711 ponere
805 3639 903 3694 certus
922 3626 1034 3714 erat:³)

332 3724 468 3784 Abstulit
487 3724 589 3784 invitis
609 3744 715 3800 corpus
734 3725 906 3784 venerabile
924 3725 1019 3783 frater

376 3816 407 3871 ct
424 3813 556 3873 Drusum
575 3813 691 3889 patriae
710 3813 788 3890 quod
808 3813 951 3889 licuitque
970 3812 1060 3872 dedit.

331 3899 448 3960 Funera
466 3903 616 3962 ducuntur
633 3903 768 3962 Romana
785 3922 839 3978 per
857 3902 967 3979 oppida
985 3902 1076 3961 Drusi
1094 3933 1130 3946 -

376 3989 436 4048 heu
453 3991 568 4051 facinus
584 4021 623 4033 -
640 4011 694 4067 per
713 4011 790 4069 quae
807 3993 903 4053 victor
920 3992 1019 4050 iturus
1038 3995 1111 4051 erat.

171 4107 384 4118 m

262 4179 289 4247 1)
308 4177 386 4232 Haeo
405 4175 521 4232 Suetoni
538 4180 625 4232 verba
643 4195 732 4248 paene
756 4179 878 4234 clamare
896 4177 1021 4234 Caesaris
1045 4178 1128 4232 funus
1147 4177 1232 4232 fuisse
1250 4176 1342 4246 publi·

172 4266 234 4302 cum
252 4248 393 4303 neminem
412 4251 480 4318 puto
498 4253 674 4319 negaturum,
695 4251 729 4304 cl.
748 4269 775 4319 p.
790 4256 843 4304 325
861 4252 919 4306 not.
936 4256 959 4304 5.

260 4324 288 4392 2)
308 4321 373 4377 Tac.
392 4337 455 4378 ann.
475 4319 553 4375 ssis
597 4320 672 4375 Suet.
693 4320 789 4376 Claud.
807 4329 829 4376 1.
871 4321 931 4376 Liv.
951 4337 1008 4390 per.
1025 4325 1075 4374 142
1118 4318 1180 4377 San.
1201 4319 1237 4374 ad
1255 4319 1341 4374 Marc.

173 4389 248 4445 111.1
288 4392 362 4449 Cass.
382 4391 551 4448 D.55.2.3.

261 4466 288 4532 3)
308 4465 342 4520 cl.
361 4484 388 4535 p.
404 4470 456 4520 324
474 4467 532 4520 not.
548 4471 573 4520 5.
