3006 5152
481 275 522 331 De
540 275 636 331 funere
654 276 767 345 publico
786 277 984 334 Romanorum.
1259 278 1323 342 339

241 444 282 504 Hi
301 447 440 506 videntur
459 447 550 506 fuisse
570 447 742 522 splendores
761 447 948 524 honoresque
968 440 1170 530 communes¹)
1189 448 1323 526 ipsarum

153 536 362 612 exsequiarum
381 553 454 611 quas
478 555 526 594 res
547 536 668 610 publica
687 536 853 594 exhibebat.
890 536 1040 594 Nimirum
1066 537 1097 593 in
1120 537 1245 613 singulis
1266 539 1323 595 sin-

149 625 222 700 gula
244 624 431 683 addebantur
448 627 483 683 ut
505 624 537 683 in
554 625 687 701 Augusti
706 617 852 703 funere),
876 626 901 682 si
920 626 988 702 quis
1008 626 1177 700 postularat
1196 627 1323 702 aliisque

151 716 350 789 persuaserat
387 713 605 790 Imperatorum
623 715 717 792 igitur
735 715 842 772 funera
861 714 997 789 exempla
1016 717 1099 790 sunt,
1117 715 1238 790 publica
1251 716 1322 774 alio-

150 822 219 860 rum
237 803 390 879 aliquanto
409 803 591 863 modestiora
610 804 661 863 sed
680 803 712 861 in
730 803 866 862 maximis
886 804 976 863 rebus
991 804 1129 879 aequalia
1147 804 1240 864 fuisse
1255 824 1321 864 eon-

149 891 312 952 eludemus.

238 981 426 1040 Praecedunt
445 983 476 1040 et
495 984 638 1040 secuntur
655 983 735 1058 ipsas
755 982 911 1058 exsequias
929 1001 978 1040 res
997 982 1074 1040 aliae
1097 983 1206 1058 quibus
1225 984 1323 1041 luctus

148 1072 178 1127 et
201 1069 355 1146 grat'tudc
378 1070 499 1146 publica
522 1071 743 1131 ostendebatur.
786 1070 1030 1130 consecrationes
1054 1071 1269 1146 imperatorum
1292 1076 1323 1130 et

147 1161 285 1234 sepulcra
302 1159 421 1235 publice
440 1161 512 1220 data
530 1161 578 1218 hic
598 1161 776 1234 omittimus,
800 1164 957 1236 tangemus
982 1160 1199 1220 sollemnitates
1223 1161 1322 1220 decer-

147 1249 237 1306 nendi
256 1251 287 1307 et
304 1248 463 1307 iustitium.
493 1248 620 1308 Senatus
640 1269 708 1308 cunr
727 1251 933 1308 consuleretur
951 1250 987 1307 de
1007 1250 1111 1308 funere
1125 1251 1244 1325 publico
1260 1269 1322 1309 ero·

147 1336 246 1411 gando
266 1337 381 1396 luctum
399 1355 472 1413 praa
491 1357 521 1397 se
540 1338 658 1397 ferebat
675 1339 810 1398 vestibus
831 1341 860 1397 et
879 1338 1000 1398 sedibus
1011 1330 1186 1418 'mutatis.³)
1219 1339 1320 1415 Atque

149 1428 184 1483 ut
203 1425 234 1483 in
253 1426 356 1484 funere
375 1427 493 1502 privato
507 1427 600 1486 feriae
617 1430 776 1486 servantur
789 1426 947 1502 denicales,
966 1427 1010 1485 ita
1023 1447 1071 1486 res
1086 1427 1206 1503 publica
1219 1429 1322 1488 decer-

150 1514 196 1572 nit
213 1508 404 1596 iustitium.)
433 1515 547 1576 Luctus
566 1536 584 1576 a
602 1517 721 1575 feminis
741 1537 777 1576 ex
795 1515 913 1576 decreto
934 1516 1149 1576 observabatur
1163 1508 1319 1598 annuos.⁵)

238 1687 265 1754 1)
284 1687 364 1741 Dona
383 1686 469 1740 etiam
487 1686 588 1742 feralia
611 1703 676 1741 are
700 1687 815 1756 publica
842 1704 901 1742 csse
925 1686 1011 1741 missa
1034 1689 1252 1742 consentaneum
1272 1689 1321 1743 est

147 1755 202 1811 Tus
221 1757 334 1882 publipe
352 1759 451 1812 datum
469 1759 590 1814 occurrit
607 1759 637 1812 in
655 1757 754 1814 titulis.
784 1757 819 1813 cl.
838 1777 864 1828 p.
884 1764 944 1812 343.

238 1835 254 1882 2
284 1847 319 1885 c.
360 1833 447 1884 ,838ι

239 1832 267 1971 8)
287 1847 360 1956 (laad).
389 1899 443 1956 Dio
471 1905 513 1955 56.
542 1907 585 1958 31.
613 1907 629 1955 2
657 1908 692 1971 τῇ
720 1917 752 1956 τε
779 1901 907 1970 ὑετεραίᾳ
935 1903 1095 1970 (postquam
1119 1900 1262 1970 Augustus
1293 1902 1322 1955 in

151 1970 249 2024 urbem
267 1970 364 2026 illatus
383 1975 436 2040 est)
456 1976 540 2040 βουλὴ
560 1975 672 2038 ἐγένετο
696 1975 741 2026 καί
759 1973 798 2027 etc
816 1975 904 2040 αὐτὴν
925 1975 1018 2038 οἱμὲν
1042 1974 1119 2026 ἄλλοι
1141 1976 1194 2040 τὴν
1216 1973 1321 2026 ἱππάδα

148 2046 249 2110 (τολήν
277 2045 455 2097 ἐνδεδυκότες
482 2048 617 2111 ευνῆλθον
636 2045 662 2098 οἱ
680 2046 706 2098 δ’
724 2046 858 2112 ἄρχοντε(
880 2047 933 2110 τὴν
962 2047 1141 2110 βουλευτικὴν
1167 2047 1240 2110 πλὴν
1262 2049 1320 2097 τῶν

147 2113 264 2179 ἱματίων
282 2119 341 2168 τῶν
359 2117 589 2182 περιπορφύρων·
614 2118 630 2169 ὁ
649 2118 679 2170 δὲ
698 2118 732 2182 δὴ
751 2117 874 2182 Τιβέριος
892 2118 937 2168 καί
956 2117 971 2167 ὁ
990 2116 1116 2181 Δροῦεοε
1129 2117 1145 2167 ὁ
1160 2116 1219 2168 υἱδε
1233 2117 1320 2168 αὐτοῦ

152 2186 239 2252 φαιὰν
256 2187 308 2240 τὸν
327 2187 459 2253 ἀγοραῖον
478 2188 584 2253 τρόπον
601 2188 790 2254 πεποιημένην
805 2189 888 2253 εἶχον.
908 2189 952 2239 καὶ
969 2191 1021 2239 rod
1036 2188 1085 2251 μὲν
1103 2189 1258 2251 λιβανωτοῦ
1278 2189 1322 2240 καὶ

149 2257 228 2310 αὐτο)
247 2258 346 2311 ἔθυεαν
364 2264 405 2327 τῷ
421 2259 446 2310 δ’
460 2259 566 2327 αὐλητῇ
586 2259 637 2312 οὐκ
655 2259 815 2326 ἐχρήεαντο.
834 2259 999 2312 ἐκαθέζοντο
1019 2258 1049 2309 δὲ
1064 2257 1154 2322 οἱμὲν
1172 2259 1269 2310 πολλοὶ
1283 2259 1321 2310 ὥ(
1337 2257 1348 2276 “

147 2345 201 2381 που
212 2330 325 2383 tractor
334 2329 432 2397 εἰώθει,
448 2329 475 2383 ol
489 2331 514 2382 δ’
523 2331 624 2384 ὕπατοι
638 2332 714 2384 κάτω
725 2331 755 2383 ἐν
765 2336 822 2383 rot(
833 2329 968 2396 βάθροιεό
979 2329 1028 2393 μὲν
1037 2334 1078 2397 τῷ
1088 2333 1147 2381 τῶν
1158 2333 1321 2395 ετρατηγῶν

148 2401 214 2453 ὁδὲ
236 2407 278 2470 τῷ
303 2406 363 2456 τῶν
385 2401 544 2468 δημάρχων.
586 2400 704 2468 Signum
726 2400 885 2454 maestitiae
907 2399 980 2454 hane
1004 2399 1189 2453 mutationem
1213 2398 1320 2453 sedium

148 2467 234 2524 fuisse
254 2471 386 2526 discimus
404 2489 422 2526 a
441 2471 541 2527 Tacito
560 2489 584 2526 a.
600 2471 646 2526 IV.
666 2477 683 2526 8
703 2472 897 2540 ‘consulesque
916 2470 982 2525 sede
1001 2469 1110 2538 volgari
1128 2486 1178 2540 per
1197 2469 1320 2539 speciem

147 2541 308 2597 maestitiae
327 2543 455 2597 sedentes
473 2543 588 2599 honoris
607 2543 718 2612 locique
737 2542 884 2597 admonuit
900 2541 1009 2613 (Tib.)’.

238 2616 265 2681 4)
285 2613 319 2669 cf.
339 2614 390 2669 Ad.
410 2612 512 2668 Nissen
530 2614 565 2669 de
583 2615 692 2670 iustitio
711 2634 738 2684 p.
754 2621 832 2681 4-6,
855 2618 994 2668 148-150
1013 2612 1169 2667 Mommsen
1188 2612 1228 2666 st.
1246 2612 1279 2667 R.
1294 2613 1321 2666 1³

149 2701 176 2751 p.
191 2689 243 2737 263
259 2701 299 2753 sq.
318 2683 436 2739 Brevius
452 2683 591 2739 iustitium
606 2702 640 2739 ex
653 2685 732 2740 luctu
745 2685 859 2754 publico
874 2683 1012 2738 indictum
1026 2685 1132 2738 tractat
1145 2685 1177 2737 Ε.
1192 2683 1318 2751 Middell,

150 2753 184 2808 de
203 2753 312 2810 iustitio
332 2755 396 2810 diss.
411 2755 525 2824 Erlang.
541 2760 609 2810 1887
627 2774 655 2825 p.
671 2762 714 2812 e1.
746 2757 813 2810 Ideo
832 2773 888 2810 non
907 2754 1074 2825 supersedeo
1088 2772 1147 2809 rem
1162 2757 1320 2810 accuratius

150 2823 298 2880 discutere.
335 2826 478 2880 Iustitiam
495 2829 560 2896 post
577 2829 697 2882 mortem
716 2845 787 2895 quae
805 2828 913 2882 luctum
935 2825 1078 2895 publicum
1105 2829 1213 2880 crearet
1230 2825 1319 2880 indic-

148 2898 207 2950 tum
221 2912 282 2951 esse
297 2898 399 2954 docent
413 2897 496 2953 Gran.
515 2898 601 2952 Licin.
621 2916 647 2967 p.
663 2905 697 2952 44
712 2899 821 2967 (Sulla),
842 2899 907 2952 Tac.
927 2915 952 2952 a.
967 2899 987 2952 I.
1005 2903 1046 2963 16,
1061 2899 1081 2950 Ι.
1098 2903 1130 2950 50
1146 2896 1318 2966 (Augustus),

150 2969 226 3023 Suet.
241 2967 302 3022 Tib.
323 2975 357 3024 52
377 2970 411 3024 cl.
430 2969 494 3024 Tac.
515 2985 538 3023 a.
558 2969 592 3023 II.
612 2975 646 3024 82
666 2970 804 3040 (Drusus),
822 2970 888 3023 Tac.
908 2987 970 3022 ann.
986 2968 1064 3021 111⁷
1085 2968 1119 3022 cl.
1135 2967 1210 3022 Suet.
1227 2967 1318 3022 sals

148 3040 363 3110 (Germanicus),
382 3041 457 3095 Suet.
478 3039 537 3094 Cal.
556 3045 591 3094 24
609 3039 761 3110 (Drusilla),
785 3041 836 3094 Iul.
856 3039 977 3108 Capitol.
1001 3039 1103 3094 Anton.
1122 3038 1192 3107 phil.
1218 3046 1232 3092 7
1253 3039 1319 3108 (An-

79 3107 82 3114 ’
149 3110 238 3166 tonin.
258 3111 349 3182 Pius);
368 3110 538 3182 generaliter
556 3127 615 3166 rem
633 3113 773 3167 testantur
790 3111 849 3166 Inv.
868 3110 916 3166 Ill.
936 3115 987 3165 212
1014 3110 1050 3164 ‘si
1073 3127 1177 3179 magna
1195 3109 1319 3164 Asturici

149 3181 253 3236 cecidit
267 3184 374 3253 domus,
388 3183 502 3239 horrida
515 3185 614 3254 mater,
627 3181 730 3252 pullati
748 3197 887 3253 proceres,
902 3181 996 3236 differt
1009 3179 1172 3236 vadimonia
1185 3182 1320 3251 praetor’,

149 3251 251 3310 Lucan.
270 3253 304 3306 II.
326 3260 358 3309 16
377 3273 437 3324 sqq.
477 3254 563 3324 ‘Ergo
583 3253 631 3310 ubi
650 3253 820 3324 concipiunt,
839 3253 951 3324 quantis
971 3251 1009 3306 sit
1027 3251 1154 3306 cladibus
1173 3252 1235 3324 orbi
1254 3270 1319 3306 con-

149 3327 259 3379 statura
276 3325 345 3379 fides
363 3342 502 3395 superum,
520 3325 607 3380 ferale
626 3343 676 3396 per
693 3327 791 3381 urbem
814 3325 966 3380 iustitium:
990 3322 1076 3378 latuit
1095 3323 1204 3398 plebei'd
1227 3326 1318 3378 tectus

151 3395 256 3450 amictu
276 3396 366 3451 omnis
384 3395 482 3464 honor,
504 3395 597 3452 nullos
616 3398 751 3452 comitata
770 3399 814 3451 est
835 3414 959 3466 purpura
976 3395 1089 3463 fascee’,
1109 3412 1184 3450 cons.
1204 3395 1240 3448 ad
1259 3394 1319 3449 Liv.

152 3471 201 3522 181
214 3485 275 3537 sqq.
295 3467 371 3538 (vide
390 3487 418 3537 p.
433 3470 513 3536 3³4),
532 3468 597 3523 Tac.
614 3484 676 3524 ann.
691 3468 724 3522 II.
740 3474 774 3522 82
795 3469 856 3523 ‘hos
875 3466 954 3536 vulgi
972 3483 1111 3521 sermones
1130 3466 1227 3520 audita
1245 3483 1319 3519 mors

150 3537 330 3607 (Germanici)
349 3538 421 3594 adeo
439 3538 572 3608 incendit,
591 3542 624 3594 ut
641 3542 705 3594 ante
725 3539 847 3594 edictum
865 3537 1090 3607 magistratuum,
1109 3540 1174 3591 ante
1194 3541 1319 3592 senatus-

151 3609 308 3666 consultum
328 3614 439 3680 sumpto
458 3609 566 3664 iustitio
586 3612 780 3666 desererentur
797 3611 866 3678 fora,
885 3609 1081 3664 clauderentur
1100 3609 1219 3663 domun?
1250 3611 1319 3663 Cum

152 3696 185 3732 ex
203 3681 257 3736 hoe
275 3681 368 3736 Taciti
386 3683 448 3737 loco
468 3681 607 3736 discamus
625 3682 765 3736 iustitium
783 3682 812 3735 in
830 3681 928 3735 funere
945 3679 1058 3748 publico
1078 3682 1207 3732 asenatu
1226 3680 1319 3734 decre·

150 3751 220 3819 tum,
239 3769 256 3805 a
270 3753 482 3822 magistratibus
497 3754 515 3808 i.
531 3769 554 3808 e.
570 3770 588 3806 a
601 3753 762 3808 consulibus
781 3753 917 3807 indictum
932 3769 999 3818 esse,
1019 3754 1194 3806 accuratiora
1207 3751 1319 3805 aliunde

151 3836 213 3875 com
235 3824 345 3878 erimus.
373 3826 405 3878 In
422 3825 542 3879 frustulo
560 3825 695 3880 fastorum
709 3823 1023 3894 Ripaetransonensium
1043 3823 1081 3891 (t.
1101 3821 1122 3874 I.
1141 3821 1171 3876 L.
1191 3824 1203 3874 l
1221 3840 1248 3890 p.
1267 3829 1319 3875 412

151 3919 185 3938 =
205 3893 215 3946 I
245 3938 250 3950 .
270 3899 348 3948 5290,
367 3913 394 3964 p.
414 3901 476 3964 472)
495 3897 625 3966 suppleto
645 3896 848 3950 aMommseno
863 3896 929 3964 (Res
943 3913 969 3964 g.
986 3895 1012 3949 d.
1027 3894 1116 3963 largn
1133 3911 1160 3962 p.
1183 3899 1232 3945 115
1251 3895 1321 3961 not.)

150 3964 271 4034 legimus
292 3964 329 4019 ad
347 3982 450 4019 annum
470 3972 520 4020 757
542 3966 643 4036 ‘[VlIlI
668 3966 701 4022 K.
720 3967 802 4021 Mart.
824 3966 853 4021 0.
873 3965 986 4037 Caesar]
1006 3967 1077 4034 Aug.
1095 3965 1115 4019 f.
1139 3962 1273 4034 deo[essit
1291 3965 1321 4016 iu

150 4035 238 4104 Lycia
255 4053 360 4091 annum
378 4052 463 4105 agens
482 4037 593 4119 XXIJII.
621 4039 728 4093 Romae
746 4037 900 4110 iustit[ium
917 4036 1055 4091 indictum
1074 4035 1129 4106 est]
1150 4035 1237 4088 donec
1256 4051 1320 4088 ossa

151 4107 211 4162 eius
234 4108 264 4162 in
290 4107 517 4181 [ma]esol[aeum
542 4108 745 4180 ruferrentur]’.
782 4109 908 4178 Apparet
929 4108 1017 4177 igitur
1039 4124 1089 4175 per
1111 4107 1186 4159 idem
1209 4107 1320 4174 tempus

152 4197 207 4250 quo
226 4178 332 4251 privati
356 4179 507 4234 novendial
525 4180 712 4235 observabant
729 4181 760 4234 in
782 4180 880 4235 funere
899 4180 1011 4248 publico
1034 4176 1172 4230 iustitium
1190 4175 1321 4244 valuisse,

152 4251 194 4304 ita
217 4255 313 4307 tamen
335 4252 368 4306 ut
390 4251 420 4306 in
442 4249 584 4304 funeribus
607 4251 796 4321 imperatoriis
818 4253 929 4318 tempus
952 4249 1042 4302 multo
1065 4247 1176 4315 longius
1200 4251 1274 4301 esset
1296 4251 1319 4302 si

153 4324 263 4388 quando
283 4341 383 4394 corpus
401 4321 506 4376 mortui
523 4323 620 4391 procul
638 4323 833 4376 arcessendum
853 4323 920 4376 erat.
957 4318 1050 4372 Etiam
1070 4320 1135 4386 post
1148 4318 1177 4371 L.
1193 4317 1320 4374 Caesaris

153 4396 223 4462 Aug.
243 4396 262 4450 f.
281 4399 399 4452 mortem
417 4394 557 4448 iustitium
576 4394 662 4449 fuisse
680 4395 710 4447 in
728 4392 823 4460 lapide
842 4392 970 4458 traditur,
996 4389 1113 4444 sirecte
1132 4391 1319 4444 Mommsenus

153 4465 190 4520 ad
214 4479 276 4518 eum
298 4465 410 4521 rettulit
435 4465 623 4535 fragmentum
648 4464 687 4533 (G.
711 4463 732 4520 1.
756 4464 786 4516 1..
806 4463 852 4518 VI.
877 4466 937 4519 895.
956 4467 973 4515 4
993 4487 1026 4507 =
1045 4461 1065 4516 1.
1085 4465 1136 4515 286
1157 4460 1190 4516 cf.
1210 4480 1237 4530 p.
1257 4465 1320 4530 565)

1056 4549 1107 4604 22*
