3006 5152
598 266 755 325 Friderieus
776 271 910 325 Vollmer:

296 511 353 570 IV.
382 513 430 569 De
453 527 578 585 pompa
600 518 704 586 atque
727 518 893 586 apparatu
914 515 1046 570 funeris
1069 515 1207 584 publici.

255 650 350 720 Quale
367 653 464 727 primo
483 656 552 729 post
571 653 638 714 Ohr.
658 674 686 713 ιι.
706 655 823 714 saeculo
842 654 1005 714 eommunis
1033 654 1131 730 opinio
1154 654 1337 712 intellexerit

165 741 255 798 funus
274 741 440 818 publicum,
459 742 631 802 illustratur
648 744 725 802 bene
748 744 847 804 verbis
867 743 1043 813 Quintiliani
1065 743 1096 800 in
1120 743 1335 802 declamatione

166 832 237 889 329.
247 821 271 910 ¹)
311 830 424 890 Rhetor
441 834 534 908 negat
552 850 658 907 corpus
677 833 797 909 tyranni
817 833 854 890 ab
873 833 938 908 ipso
953 832 1104 890 interfecti
1120 827 1237 907 publice
1251 833 1335 890 fune-

164 918 291 976 randum
316 937 394 994 esse‚
423 920 495 979 dicit
517 915 638 995 ‘corpus
666 921 741 980 illud
769 921 906 981 omnibus
934 921 1050 997 sibique
1077 921 1136 996 ipsi
1163 921 1337 979 damnatum

163 1007 291 1084 publicis
306 1007 419 1068 scilieet
432 1009 579 1087 exsequiis
597 1010 774 1070 efferemus?
792 1012 847 1070 hoc
857 1011 951 1084 agite:
966 1009 1206 1085 ducatnringens
1222 1010 1336 1069 funeris

165 1115 282 1172 pompa,
302 1100 352 1156 eat
369 1098 484 1174 primus
500 1102 621 1158 senatus
636 1103 667 1158 et
682 1101 752 1159 ordo
767 1100 819 1158 ille
834 1100 1040 1159 sanctissimus
1055 1102 1194 1159 ...tum
1208 1099 1337 1158 maxima

166 1187 328 1244 multitudo
348 1187 499 1263 equitum,
519 1187 675 1248 universus
694 1189 820 1264 denique
839 1189 967 1265 populus
986 1189 1097 1247 lustret
1115 1189 1204 1263 atque
1223 1187 1336 1246 ambiat

164 1295 272 1350 rogum
362 1295 400 1334 an
414 1276 522 1352 aliquis
538 1277 628 1336 etiam
644 1280 743 1337 rostra
757 1278 935 1338 conscendet
949 1281 980 1336 et
994 1269 1061 1356 (qui
1075 1295 1232 1352 supremus
1246 1277 1335 1335 elaris

164 1363 279 1424 civibus
298 1365 392 1423 honor
411 1357 554 1447 habetur)
578 1367 723 1426 advocata
745 1368 849 1443 populi
872 1367 1008 1427 contione
1031 1367 1136 1425 laudes
1159 1366 1222 1425 eius
1246 1385 1335 1441 quem

164 1453 194 1511 in
213 1455 278 1512 foro
297 1454 447 1528 sepulturi
466 1473 569 1514 sumus
587 1449 760 1515 concinet?'

253 1539 417 1602 Accusatas'
437 1543 575 1602 funerum
595 1545 783 1604 sollemnium
801 1544 1015 1621 descriptiones
1039 1563 1104 1604 nonv
1117 1543 1261 1602 habemus
1280 1544 1336 1602 nisi

163 1631 387 1692 ansareorum.
416 1631 551 1708 Apparet
565 1651 600 1692 ea
615 1633 722 1692 eximia
736 1653 803 1694 cunr
817 1634 1038 1710 magnificentia
1052 1637 1082 1692 et
1096 1633 1335 1708 splendidissimo

164 1723 314 1796 apparatu
332 1721 422 1780 ducta
440 1739 514 1794 esse,
533 1741 629 1798 neque
648 1742 718 1782 vero
737 1727 838 1799 potest
856 1723 980 1782 dubium
995 1723 1090 1782 videri
1104 1723 1176 1798 quin
1193 1726 1224 1781 et
1238 1742 1273 1780 ea
1287 1741 1335 1780 res

163 1809 341 1885 principales
361 1828 429 1868 cnm
447 1810 635 1913 privatorum
653 1812 808 1872 funeribus
826 1812 955 1887 publicis
980 1830 1152 1871 communes
1175 1811 1336 1870 habuerint
1393 1890 1396 1895 .

164 1898 394 1974 tpr1vatorum
409 1900 567 1977 exsequiae
581 1901 719 1975 publicae
734 1903 772 1961 ad
788 1902 924 1977 exempla
934 1900 1128 1977 imperatoria
1138 1901 1336 1976 amplificatae

163 1987 232 2047 sint
239 1979 265 2069 2)
303 1988 443 2048 Elorum
435 1989 477 2066 1gi
479 1992 529 2047 tur
547 1989 677 2066 vestigia
696 1995 766 2050 sunt
783 1991 953 2067 premenda.

251 2075 283 2136 C.
298 2077 387 2135 Iulii
406 2076 573 2137 Caesaris
591 2079 692 2157 funus,
711 2081 789 2156 quod
808 2079 962 2156 publicum
976 2079 1067 2138 fuisse
1082 2078 1142 2137 iam
1156 2082 1334 2152 monuimus,

161 2166 232 2226 lieet
247 2167 406 2242 scriptores
421 2166 512 2226 verbo
527 2186 586 2226 non
600 2170 733 2242 utantur,
748 2169 923 2228 describunt
938 2167 1097 2228 Suetonius
1109 2166 1229 2227 Caesius
1245 2160 1335 2250 Di03)

161 2247 359 2338 Appianum),
375 2275 502 2333 quorum
516 2257 604 2316 unius
619 2259 712 2316 verba
727 2259 920 2318 exscribenda
934 2260 1007 2333 puto
1022 2260 1112 2333 atque
1127 2257 1269 2334 Suetonii,
1284 2257 1334 2332 qui

162 2345 327 2420 plurimum
341 2346 475 2406 conferat
489 2346 526 2404 ad
541 2349 761 2422 cognoscendos
775 2348 851 2407 ritus
866 2346 1066 2406 funeraticios.
1096 2345 1172 2405 Sunt
1181 2347 1261 2406 vitae
1272 2345 1333 2405 divi

160 2433 230 2492 Iulii
248 2435 280 2492 in
298 2434 396 2510 capite
411 2437 453 2493 84
469 2436 541 2494 haee
556 2436 661 2495 verba:
680 2430 809 2496 ‘Funere
824 2437 935 2496 indicto
949 2455 1041 2512 rogus
1057 2438 1226 2494 exstructus
1241 2438 1287 2494 est
1303 2435 1334 2493 in

160 2523 269 2582 Martio
289 2542 392 2598 eampo
411 2524 496 2582 iuxta
513 2523 608 2583 Iuliae
627 2526 776 2584 tumulum
801 2529 831 2584 et
850 2545 902 2601 pro
922 2526 1028 2584 rostris
1052 2528 1161 2583 aurata
1184 2524 1272 2583 aedes
1296 2525 1334 2583 ad

160 2612 352 2671 simulacrum
367 2612 472 2689 templi
486 2611 611 2672 Veneris
627 2612 793 2674 Genetricis
808 2615 966 2691 collocata3
983 2614 1122 2689 intraque
1136 2615 1232 2673 lectus
1247 2613 1333 2672 ebur-

159 2719 233 2760 neus
253 2719 326 2760 auro
350 2720 384 2760 ao
402 2721 536 2777 purpura
559 2703 672 2762 stratus
697 2704 787 2763 etad
810 2708 901 2779 caput
923 2707 1082 2780 tropaeum
1105 2721 1172 2761 cum
1194 2705 1278 2762 veste
1303 2703 1334 2761 in

160 2808 220 2866 qua
233 2791 333 2849 fuerat
347 2789 467 2850 occisus
500 2790 742 2850 Praeferentibus
757 2811 890 2870 munera,
913 2793 983 2868 quia
1001 2793 1181 2851 suffecturus
1195 2789 1258 2850 dies
1273 2810 1333 2850 non

159 2878 327 2956 videbatur,
345 2881 538 2956 praeceptum
556 2883 591 2938 ut
610 2880 719 2940 omisso
739 2882 841 2940 ordine
861 2881 968 2958 quibus
987 2881 1113 2958 quisque
1133 2880 1224 2939 vellet
1244 2880 1331 2939 itine-

159 2967 242 3028 ribus
261 2969 343 3028 urbis
362 2971 497 3044 portaret
510 2968 542 3027 in
557 2988 704 3045 campum.
735 2970 819 3030 Inter
832 2962 952 3052 lud0s⁵)
967 2974 1088 3030 cantata
1102 2972 1173 3029 sunt
1187 2970 1333 3047 quaedam

161 3101 373 3108 --.—-...-.-.-

158 3180 231 3242 τρεῖς
249 3174 301 3241 ήμὲ
302 3191 352 3241 poc
370 3176 400 3228 ἐν
419 3181 460 3244 τῷ
478 3174 604 3244 παλατίῳ
624 3173 786 3243 incluserit
806 3177 851 3229 καὶ
870 3177 953 3242 δεῦρο
972 3175 1044 3228 del‘
1033 3175 1085 3228 uu’
1103 3175 1198 3229 αυτῶν
1216 3182 1275 3229 των
1290 3176 1332 3229 ἀεὶ

158 3246 540 3386 gqnovupffiopwnssgetdwr'
582 3245 621 3300 Of
641 3245 796 3302 Mommsen
820 3247 855 3300 ad
876 3245 905 3301 C.
919 3245 940 3300 I.
955 3245 985 3300 L
1004 3245 1135 3316 ipsse
1168 3246 1333 3316 Marqnardt

251 3335 337 3455 1)p.p
338 3394 398 3442 295.
413 3386 558 3444 assistes.

247 3457 411 3528 >Singula
433 3477 490 3514 non
512 3459 613 3514 mirum
637 3461 681 3514 est
702 3459 784 3515 nobis
808 3477 864 3515 non
887 3460 995 3514 tradita
1017 3476 1085 3515 esse
1128 3461 1167 3515 At
1188 3477 1223 3512 ne
1247 3459 1330 3512 nimis

158 3531 249 3584 multa
267 3529 411 3585 funeribus
429 3531 575 3586 hominum
593 3548 650 3585 non
673 3530 871 3601 imperatoriae
894 3531 1042 3602 dignitatis
1067 3531 1211 3585 demamus
1235 3531 1332 3584 monet

158 3601 282 3670 portatio
301 3602 370 3658 civis
384 3601 512 3657 Perusini
530 3604 566 3656 ad
584 3619 683 3673 rogum
698 3621 748 3685 per
768 3603 888 3673 ‘equites
902 3603 1044 3658 Romanos
1062 3601 1149 3656 faeta’
1171 3601 1205 3656 of.
1221 3600 1249 3655 O.
1264 3600 1285 3654 Ι.
1301 3600 1330 3657 L

158 3672 204 3727 ΙΙΙ.
222 3677 290 3726 1946
304 3691 331 3756 p.
343 3678 403 3728 35⁷.
436 3673 485 3729 Nil
498 3690 549 3728 nos
564 3674 664 3729 iuvant
677 3673 743 3729 his
734 3691 765 3727 ιιι
778 3675 990 3756 quaestionibus
1004 3674 1184 3728 monumenta
1197 3673 1332 3742 figurata;

158 3760 249 3813 neque
268 3745 343 3800 enim
361 3760 395 3800 ea
414 3762 486 3815 quae
504 3762 557 3815 ego
577 3744 690 3814 quidem
705 3747 830 3800 noverim
845 3746 999 3815 quidquam
1013 3745 1120 3799 habent
1108 3744 1210 3813 tquod
1224 3744 1331 3799 funeris

157 3815 264 3885 publici
282 3815 427 3886 proprium
446 3817 624 3886 splendorem
643 3817 823 3874 demonstret.
862 3817 976 3872 Privata
993 3817 1092 3872 funera
1112 3815 1190 3884 picta
1213 3815 1310 3870 sunt
1302 3833 1331 3870 ιιι

156 3887 263 3941 tabulis
282 3888 507 3944 commemoratis
527 3905 544 3942 a
562 3887 754 3957 Marquardtio
774 3888 901 3957 (Privati
920 3887 952 3941 1²
969 3907 996 3957 p
1012 3890 1074 3956 aba)
1095 3893 1124 3942 et
1138 3887 1329 3942 Baumeistero

157 3959 337 4029 (Denkmtler
355 3961 413 4028 lp
429 3960 492 4030 309)
510 3961 539 4015 et
556 3959 711 4015 Huelsseno
730 3961 834 4029 (Mitth
854 3960 879 4016 d
899 3959 982 4015 Aroh.
1000 3959 1066 4014 Inst
1085 3959 1166 4013 Rom.
1180 3959 1213 4013 V
1234 3957 1328 4038 [¹.⁸⁹⁰]

156 4047 183 4098 p
200 4031 252 4100 ta).
290 4031 368 4086 Neve
386 4034 469 4099 putes
484 4048 517 4086 ea
531 4032 631 4086 funera
644 4030 816 4101 singularem
830 4034 945 4101 propter
959 4033 1125 4100 apparatum
1141 4032 1170 4111 et
1183 4027 1327 4100 publicum

156 4118 311 4158 maerorem
331 4102 367 4156 ab
386 4101 539 4158 artificibus
583 4102 710 4172 reposita
732 4118 805 4169 esse;
832 4104 898 4170 quid
921 4104 1035 4172 propius
1059 4100 1152 4156 erat
1144 4119 1173 4155 ιιι
1196 4102 1329 4154 honorem

157 4172 543 4312 mortu{)nqqe³qmgglquam
561 4122 665 4228 iimeris
685 4143 835 4244 pompam?

244 4318 272 4384 4)
291 4317 318 4370 b.
332 4332 355 4371 ο.
370 4317 403 4372 ιι.
420 4322 568 4374 ree-ne

246 4389 275 4469 ὁ)
293 4388 429 4456 Intellege
448 4406 504 4444 non
522 4389 602 4444 ludos
620 4389 752 4444 funebres
771 4387 847 4445 sed
838 4405 901 4444 roca
919 4388 979 4458 illa,
997 4401 1068 4455 qnae
1087 4385 1167 4468 utin
1185 4385 1328 4455 triumpho

158 4457 198 4512 sic
217 4457 246 4512 in
263 4459 326 4528 ipsa
343 4475 449 4532 pompa
466 4461 594 4516 ducenda
612 4461 777 4517 dicebantur
795 4461 841 4517 vel
860 4461 1016 4530 agebantur
1034 4474 1051 4512 a
1067 4456 1169 4514 mimis.
