3006 5152
483 277 525 334 De
542 277 639 333 funere
657 278 770 348 publico
790 279 987 336 Romanorum.
1263 280 1325 344 351

154 451 191 509 N.
206 451 242 510 H.
258 449 340 509 XIII.
357 441 407 530 (1)
424 445 492 510 15“.
529 449 624 507 Immo
642 448 713 506 folei
731 449 827 507 forma
845 449 993 508 naturalis
1008 449 1106 525 aptior
1121 452 1186 509 erat
1200 450 1236 508 ad
1252 469 1326 509 oom-

154 540 320 599 burendum
349 557 437 616 quam
466 542 652 613 unguentum
679 557 715 596 ex
738 537 818 598 foliis
842 539 954 597 factum
977 539 995 596 i.
1016 559 1040 597 e.
1064 539 1214 613 foliatum,
1243 539 1328 598 ouius

155 629 402 706 compositionem
421 627 563 687 describit
581 627 656 686 Plin.
672 627 689 684 l.
706 627 725 685 l.
758 627 876 686 Folium
892 630 992 686 autem
1007 647 1072 687 esse
1086 629 1173 687 nardi
1188 647 1224 686 ex
1238 628 1328 686 Plinii

155 721 256 778 verbis
275 721 354 776 recto
373 717 568 776 concluditur.
607 715 864 775 Commemoratur
878 735 897 774 a
910 715 1046 775 Palladio
1061 708 1110 798 (a.
1124 717 1158 777 R.
1173 718 1210 778 Il.
1228 719 1267 776 18
1286 712 1327 775 ‘in

154 827 189 866 eo
209 808 278 868 vino
297 807 426 865 medium
445 808 522 866 croci
542 805 713 882 scrupulum
740 808 771 862 et
789 805 854 863 folii
873 825 966 864 unum
985 807 1157 882 scrupulum
1176 807 1278 865 mittes
1298 810 1329 866 et

155 915 192 954 ex
210 897 307 956 mellis
327 895 433 973 optimi
452 895 553 954 decem
571 894 657 952 libris
676 894 776 953 omnia
794 887 1011 975 temperabis').
1045 896 1087 953 At
1106 895 1205 956 Cosmi
1220 896 1324 956 folium

155 987 234 1060 apud
244 985 412 1044 Martialem
427 975 493 1065 (XI.
506 986 555 1042 18.
567 986 585 1043 8
602 987 631 1042 et
645 983 724 1042 XIV.
737 985 809 1043 146.
822 974 856 1063 1)
872 983 949 1043 alius
964 984 1084 1044 videtur
1097 985 1189 1044 fuisse
1203 986 1325 1060 plantae

121 1082 124 1087 '
155 1077 244 1150 atquo
263 1075 327 1134 eius
346 1091 519 1150 perparvae.
553 1071 711 1131 Claudiani
725 1091 829 1133 vorsus
844 1064 897 1154 (ad
911 1074 1036 1150 Eutrop.
1050 1073 1074 1132 I.
1091 1065 1170 1156 226)
1190 1068 1232 1132 ‘te
1245 1074 1326 1134 foliis

155 1164 270 1223 Arabes
290 1165 401 1240 ditent,
420 1166 450 1221 te
469 1162 580 1221 vellere
599 1155 699 1220 Seres’
718 1161 806 1221 nimis
826 1162 974 1240 generalis
994 1166 1041 1221 est
1064 1182 1153 1239 quam
1177 1183 1264 1238 quem
1290 1163 1325 1222 de

153 1253 200 1312 his
214 1253 302 1312 nardi
315 1251 396 1310 foliis
409 1251 625 1327 interpreteris.
659 1251 754 1320 Quam
770 1252 907 1310 crebrum
925 1255 1025 1310 autem
1039 1252 1224 1328 significatus
1239 1245 1325 1310 ‘folii’

152 1360 322 1418 praegnans
348 1340 380 1398 in
407 1358 494 1398 usum
523 1340 632 1400 abierit
660 1340 747 1399 docet
775 1340 907 1400 scholion
930 1341 994 1400 Inv.
1013 1331 1068 1420 (ad
1086 1340 1140 1402 VI.
1154 1334 1247 1420 465),
1275 1342 1324 1402 ubi

152 1423 283 1489 ‘foliata'
302 1429 488 1505 explicantur
506 1424 673 1506 ‘unguenta
692 1428 771 1488 foliis
789 1431 878 1506 plena
895 1431 945 1490 vel
964 1430 1030 1488 aliis
1046 1423 1207 1490 odoribus'.
1222 1430 1325 1488 —Dc

153 1521 250 1578 forma
272 1519 391 1595 plebeia
414 1512 551 1579 ‘foleum'
575 1519 612 1579 cf.
631 1519 756 1594 append.
776 1519 866 1578 Probi
884 1540 912 1594 p.
930 1523 990 1579 197
1003 1538 1045 1595 sq.
1059 1519 1136 1579 Keil.
1156 1513 1325 1600 (telonium

151 1627 210 1668 non
229 1609 388 1682 teloneum,
409 1608 499 1668 alium
514 1627 575 1668 non
589 1609 697 1686 alcum,
716 1609 813 1668 lilium
833 1627 893 1668 non
911 1603 1027 1667 liloum’
1047 1612 1078 1668 et
1092 1612 1192 1668 cetera
1206 1600 1326 1691 multa),

152 1699 187 1758 cf.
208 1699 299 1758 etiam
317 1698 503 1775 Brambaoh‚
522 1699 599 1757 orth.
618 1699 671 1756 lat.
689 1719 717 1773 p.
734 1700 806 1757 136.
822 1698 923 1756 —De
941 1701 1009 1756 ture
1028 1699 1059 1755 in
1077 1699 1181 1758 funere
1205 1700 1324 1758 decreto

151 1789 188 1846 of.
208 1809 236 1864 p.
252 1791 316 1848 343
336 1791 397 1848 not.
413 1789 440 1846 2.

240 1895 293 1952 lat.
308 1887 345 1971 3!
347 1896 367 1954 4
387 1885 536 1975 anp(io),
556 1885 738 1974 Ol(audius),
749 1885 962 1973 ‚Oalp(urnius)
976 1894 1097 1952 nomina
1110 1894 1262 1971 gentilicia
1276 1894 1326 1953 ad-

151 1984 287 2042 breviata
306 1983 396 2042 etiam
415 1983 589 2043 consulibus
607 2003 667 2043 non
681 1983 841 2043 nominatis
855 1983 978 2042 titulum
994 2001 1057 2043 csse
1071 1983 1110 2043 II.
1129 2005 1157 2060 p.
1175 1983 1242 2044 Chr.
1262 2003 1325 2044 sae-

151 2073 210 2132 culi
230 2073 494 2133 demonstrassent.

243 2183 269 2239 7.
290 2173 370 2256 ‘ipsi'
390 2180 452 2240 scil.
471 2179 639 2257 propinqui,
659 2181 695 2240 cf.
712 2183 752 2240 18
773 2174 952 2257 ‘elegerint

242 2291 291 2347 10.
311 2281 452 2362 ‘singulos
469 2289 673 2360 calamosque
689 2281 832 2347 nostrum'
852 2287 1010 2363 genetivos
1027 2288 1186 2363 partitivos
1200 2288 1325 2347 licenter

151 2377 288 2454 sequitur
316 2370 512 2452 ‘universos',
540 2377 576 2436 cf.
596 2371 726 2436 ‘eunetis
753 2370 892 2435 deorum’
913 2375 1131 2438 detulisse
1157 2371 1324 2438 ‘hominum

151 2460 289 2526 cunctos'
314 2463 367 2526 Ov.
386 2466 457 2526 Met.
472 2465 525 2526 IV.
542 2468 604 2526 632
631 2460 825 2525 ‘Samnitium
844 2459 962 2526 omnes'
982 2466 1046 2527 Liv.
1060 2467 1096 2526 X.
1113 2469 1151 2546 31
1193 2468 1325 2544 Draoger

153 2555 236 2631 Synt.
252 2555 268 2614 I
284 2576 313 2631 p.
328 2557 402 2616 457.

149 2752 165 2809 f
213 2752 219 2764 Ι
242 2665 291 2774 123
310 2661 536 2722 IVTEOLANI
555 2663 642 2738 lapis.
679 2663 772 2721 R·M
788 2664 833 2721 ·I'
853 2665 934 2723 solve
953 2659 1145 2724 ‘reverendae
1164 2663 1325 2722 memoriae

164 2771 279 2811 emmae
294 2799 300 2813 .

241 2862 291 2919 13.
311 2851 449 2919 ‘honoris’
467 2860 607 2919 nimirum
622 2879 680 2920 acc.
695 2861 772 2936 plur.
786 2892 830 2902 —
846 2854 990 2934 prostare
1004 2853 1063 2921 ad'.
1091 2860 1148 2918 Hic
1161 2861 1247 2918 nulla
1264 2859 1325 2918 iam

151 2949 256 3008 subest
274 2949 366 3010 verbo
385 2949 486 3025 imago
505 2952 605 3008 motus
624 2950 766 3026 corporis,
784 2949 844 3010 nisi
862 2950 888 3008 si
904 2953 993 3024 putas
1009 2953 1129 3008 senatus
1144 2949 1324 3008 auctoritate

151 3032 216 3114 ‘per
230 3032 453 3098 discessionom'
467 3039 548 3097 facta
562 3040 639 3098 hanc
653 3038 903 3098 constructionem
918 3056 982 3097 osse
997 3039 1138 3114 genitam.
1169 3038 1205 3096 In
1219 3037 1325 3096 ceteris

150 3127 325 3203 prosiliendi
348 3128 432 3188 verbi
456 3129 600 3204 exemplis
623 3147 700 3204 quae
724 3128 845 3204 quidem
863 3128 1053 3204 cognoverim
1072 3128 1206 3203 perlucet
1224 3126 1325 3202 aliqua

150 3217 320 3276 luctaminis
340 3218 388 3280 vel
405 3217 535 3294 impetus
555 3217 706 3296 cogitatio,
724 3217 814 3294 Digg.
833 3219 885 3277 48.
902 3219 929 3275 2.
947 3219 964 3275 7
985 3209 1135 3298 (UlpIan.)
1160 3207 1324 3296 ‘(o1·iminis

151 3299 343 3386 subscriptio)
359 3307 396 3364 ad
411 3306 442 3364 id
455 3308 577 3366 inventa
591 3311 646 3382 est,
660 3327 698 3366 ne
711 3307 801 3366 facile
813 3307 879 3382 quis
889 3305 1073 3382 prosiliatad
1082 3298 1328 3366 accusationem'.

151 3395 212 3456 cod.
232 3395 306 3455 Iust.
333 3389 477 3476 (edictum
500 3395 610 3454 Iuliani
633 3415 659 3455 a.
675 3389 754 3476 362)
781 3399 829 3455 10.
847 3398 931 3456 ont
958 3391 1108 3471 ‘quisquis
1131 3397 1236 3455 docere
1260 3395 1324 3454 volt

150 3505 210 3544 non
228 3487 351 3560 repente
370 3503 425 3543 nec
444 3488 555 3544 temere
574 3485 712 3561 prosiliat
730 3485 767 3544 ud
786 3487 842 3545 hoc
855 3479 983 3544 munus'.
1017 3485 1146 3544 Trebell.
1160 3485 1257 3543 Pollio
1272 3483 1324 3545 vit.

150 3573 233 3632 XXX
253 3577 311 3650 tyr.
327 3577 368 3634 10
389 3567 455 3632 ‘fati
474 3575 586 3650 publici
604 3575 663 3634 fuit
680 3578 716 3634 ut
733 3573 862 3634 Gallieni
881 3577 1015 3650 tempore
1040 3574 1208 3650 quicunque
1227 3573 1325 3648 potuit

151 3664 190 3722 ad
207 3663 366 3739 imperium
384 3657 557 3739 prosiliret'.
594 3665 657 3723 Neo
671 3665 759 3724 aliter
773 3663 818 3724 vis
834 3663 980 3739 quaedam
995 3666 1025 3722 et
1038 3664 1168 3738 impetus
1183 3683 1323 3722 unacum

150 3753 257 3812 itinere
281 3753 460 3812 describitur
483 3772 551 3812 oum
574 3753 782 3829 Megaronides
803 3747 914 3831 (Plaut.
934 3752 1015 3811 'Prin
1035 3752 1057 3813 I.
1074 3755 1102 3812 2.
1119 3755 1159 3812 17
1164 3743 1197 3830 9)
1222 3755 1325 3811 narrat

151 3835 289 3917 ‘prosilui
308 3843 435 3902 amioum
455 3843 636 3918 castigatum
655 3835 827 3902 innoxium'.

243 3951 291 4008 14.
312 3943 482 4010 ‘desolacio
500 3943 667 4009 uiuendum
687 3950 724 4010 cf.
743 3970 772 4025 p.
788 3950 850 4008 353
871 3949 909 4007 ad
930 3969 956 4008 v.
971 3950 1000 4007 4.
1018 3979 1055 3990 -
1072 3947 1113 4006 EI
1132 3948 1217 4022 lapis.

243 4058 294 4116 15.
312 4049 447 4130 ‘puellae’
461 4056 479 4115 i.
490 4077 515 4116 e.
530 4056 650 4118 Gaviae.
681 4056 781 4116 Seouti
795 4059 900 4133 poetas
911 4056 1077 4115 neotericos
1093 4054 1183 4114 ctiam
1197 4051 1325 4128 prosaici

86 4209 95 4228 ‚
151 4148 311 4222 argenteae
330 4145 490 4205 latinitatis
509 4150 633 4222 nuptam
653 4148 708 4206 hoc
727 4148 817 4208 verbo
837 4142 1007 4222 significant
1026 4149 1060 4202 ut
1078 4145 1147 4202 Tac.
1168 4142 1243 4200 Geli.
