3006 5152
494 241 536 294 De
554 239 650 294 funere
668 238 781 309 publico
801 240 997 293 Romanorum.
1266 235 1330 299 331

166 412 398 486 exsequerentur
425 409 584 471 decretum.
626 410 665 468 Hi
687 428 741 486 per
764 409 939 485 quaestores
947 400 971 487 ¹)
999 406 1096 466 officio
1123 406 1334 482 fungebantur.
1388 401 1395 416 ⁹

165 499 345 570 Quaestores
365 500 455 558 funus
474 500 615 560 locabant
634 501 832 574 sumptusque
846 516 882 556 ex
896 496 1011 556 aerario
1027 496 1190 555 solvebant.
1224 495 1334 554 Locato

163 589 268 648 funere
288 588 386 648 officia
404 588 523 664 singula
542 589 624 648 utin
643 589 768 663 privatis
787 586 942 644 funeribus
962 586 999 644 ab
1025 585 1061 644 iis
1084 584 1335 660 perpetrabantur

163 679 213 755 qui
232 677 394 737 Libitinam
414 678 599 736 exercebant.
637 677 875 735 Consentaneum
895 678 942 733 est
959 675 996 732 ut
1013 674 1120 731 funera
1137 673 1256 748 privata
1274 691 1335 730 am·

163 768 260 842 pliora
279 767 321 826 sie
338 767 459 844 publica
477 785 594 843 semper
613 766 725 824 indicta
744 756 852 843 esse.²)
890 764 952 822 Neo
971 763 1068 821 1616116
1087 761 1151 822 1611
1174 761 1270 820 6161116
1289 764 1337 819 661

165 856 195 914 16
214 856 370 916 funeribus
398 855 525 932 publicis
549 854 810 915 161611611116166
834 854 920 911 datos
944 843 1051 932 esss.³)
1093 850 1135 909 Ut
1158 849 1189 908 in
1211 849 1335 925 privatis

164 945 318 1004 funeribus
337 946 388 1022 qui
407 947 498 1004 funus
517 945 590 1004 feeit
608 945 699 1003 etiam
717 943 802 1002 ludos
821 941 906 1018 fecit,
930 942 973 1000 616
991 943 1080 1017 putes
1100 959 1163 998 rem
1186 939 1335 1014 publicam

165 1054 231 1093 cum
250 1035 339 1094 funus
359 1035 473 1093 locaret
491 1033 583 1094 etiam
601 1033 687 1094 ludos
707 1034 828 1094 locasse.
866 1030 1051 1110 Quamquam
1071 1030 1169 1089 fontes
1186 1028 1281 1087 nostri
1299 1028 1336 1086 de

166 1125 220 1183 hae
238 1144 270 1184 re
289 1114 431 1203 1666614)

164 1235 377 1246 w*

256 1295 280 1361 1)
299 1291 354 1346 Res
372 1310 422 1361 per
441 1311 470 1347 66
489 1293 666 1348 verisimilis
685 1294 882 1362 comprobatur
900 1293 968 1348 licet
986 1293 1020 1347 de
1039 1293 1135 1346 funere
1160 1290 1234 1358 regis
1258 1307 1335 1360 pere·

164 1365 240 1434 grini
258 1361 350 1418 verbis
370 1364 430 1418 Val.
450 1365 523 1419 Max.
538 1365 572 1422 V.
589 1369 612 1420 1.
629 1372 642 1418 1
665 1365 810 1432 ‘(senatus)
829 1367 1007 1433 quaestorem
1023 1364 1100 1418 misit
1117 1362 1165 1431 qui
1180 1363 1334 1431 (Perseum)

165 1433 279 1505 publico
298 1435 394 1489 funere
410 1436 542 1492 efferret'.
558 1468 591 1476 -
608 1436 688 1503 Quod
702 1435 778 1490 idem
793 1435 837 1505 (V.
853 1441 876 1490 2.
894 1437 938 1506 10)
952 1434 1022 1489 dicit
1038 1433 1086 1488 ‘M.
1103 1433 1225 1489 Cornuto
1239 1449 1337 1502 prae-

164 1509 239 1561 tore
257 1506 340 1560 funus
359 1505 444 1562 Hirtii
464 1513 493 1563 et
510 1507 617 1563 Pansae
635 1507 714 1561 iussn
732 1508 844 1561 senatus
864 1507 998 1574 locante’,
1017 1505 1055 1560 M.
1071 1506 1208 1560 Cornutus
1223 1510 1337 1575 praetor

164 1579 286 1632 urbanus
305 1577 381 1632 vices
397 1578 474 1648 'gerit
493 1578 636 1634 consulum
656 1579 819 1634 occisorum.
856 1577 916 1633 Hoc
935 1578 1093 1646 exemplum
1114 1577 1190 1646 quod
1203 1576 1338 1645 probatur

165 1648 305 1703 Ciceronis
332 1651 473 1704 sententia
496 1651 530 1705 de
553 1652 734 1706 monumento
758 1666 901 1705 caesorum
929 1649 1051 1703 militum
1080 1650 1192 1719 publiea
1219 1649 1337 1702 locando

165 1727 214 1786 (or.
243 1719 315 1774 Phil.
339 1721 412 1778 XIV.
436 1725 481 1791 31)
515 1723 602 1776 61166
635 1725 664 1776 61
691 1721 843 1777 secundum
871 1720 901 1775 id
930 1721 1070 1790 compleas
1100 1737 1133 1774 ea
1163 1736 1234 1787 quae
1267 1718 1338 1773 dixit

164 1792 351 1847 Mommsenus
375 1793 492 1848 Staatsr.
517 1793 547 1847 Ι3
570 1812 596 1862 p.
613 1797 673 1846 811.
694 1823 726 1832 —
748 1793 810 1848 San.
835 1793 870 1846 de
888 1794 998 1862 tranqu.
1018 1809 1062 1847 an.
1080 1791 1127 1844 XI.
1145 1797 1177 1846 10
1201 1791 1337 1844 translate

164 1863 290 1932 loquitur
313 1880 377 1916 cum
403 1863 473 1918 dicit
498 1865 576 1918 ‘dum
600 1863 643 1918 illi
667 1865 850 1934 (Ptolemaeo)
875 1865 955 1918 heres
974 1863 1051 1933 (imp.
1073 1861 1169 1930 Caius)
1194 1862 1337 1932 publicum

164 1934 247 1988 funus
271 1931 406 1988 esurienti
428 1934 527 1990 loeat’.
563 1936 594 1989 In
619 1935 829 1990 narratiuncula
853 1935 1025 1989 Suetoniana
1043 1933 1136 2004 (Vesp.
1155 1935 1200 2003 13)
1223 1935 1337 2001 (1616616

131 2029 133 2034 ·
164 2006 268 2130 fuerirlrt
284 2006 500 2130 ‘pzocuratores’
516 2005 621 2061 funeris
631 2006 806 2078 Vespasiani,
822 2022 884 2060 6661
900 2005 1001 2074 quibus
1015 2005 1116 2061 161611
1129 2005 1215 2060 161166
1225 2021 1269 2059 166
1285 2008 1336 2071 661,

166 2093 221 2130 666
250 2093 337 2145 rque.
1296 2127 1298 2132 .

255 2152 281 2216 2)
302 2147 424 2202 ‘Funere
449 2148 570 2204 indicto’
597 2149 672 2204 Suet.
691 2149 741 2206 Iul.
757 2155 792 2204 84
816 2149 851 2203 de
875 2148 1001 2203 Caesaris
1026 2148 1163 2216 exsequiis
1188 2147 1222 2201 61.
1243 2166 1270 2217 p.
1287 2153 1338 2202 325

165 2221 224 2274 not.
239 2223 264 2273 5.
301 2217 407 2274 Praeco
426 2219 484 2287 ille,
503 2220 553 2288 qui
567 2219 1075 2289 1111161616661616116111616116616
1089 2218 1218 2274 sollemni
1235 2219 1338 2272 indice-

166 2291 225 2359 bat,
243 2289 355 2344 videtur
373 2291 446 2345 inter
464 2291 634 2346 libitinarios
651 2290 751 2358 fuisse,
776 2293 807 2345 at
824 2292 853 2345 16
872 2291 969 2346 166616
988 2289 1100 2362 publico
1119 2290 1241 2345 conicias
1259 2307 1338 2359 prae-

165 2377 264 2486 {onem
283 2360 405 2416 consulis
424 2362 470 2416 vel
489 2361 613 2430 duoviri,
637 2361 682 2418 cui
700 2362 783 2416 16666
806 2362 955 2418 1666616111
979 2365 1052 2430 6161,
1079 2362 1173 2417 officio
1195 2359 1339 2416 indicendi

178 2436 292 2488 unctum
311 2449 380 2488 6666.

258 2506 285 2574 3)
304 2503 426 2560 16116116
445 2508 540 2560 661616
558 2504 663 2560 1666116
682 2504 797 2560 minime
815 2506 851 2560 61
866 2505 948 2561 16166
965 2506 1098 2576 pertinet.
1130 2504 1179 2560 Nil
1192 2505 1250 2558 tale
1266 2503 1340 2558 inest

165 2575 195 2628 in
214 2575 335 2630 formula
349 2575 399 2631 illa
413 2574 532 2646 antiqua
545 2576 696 2647 indicendi,
710 2593 801 2646 neque
816 2595 869 2647 ego
884 2579 976 2632 locum
991 2576 1046 2632 Cic.
1062 2576 1097 2631 16
1112 2577 1187 2647 legg.
1202 2575 1236 2630 H.
1251 2581 1293 2629 24.
1305 2581 1337 2629 61

169 2645 303 2714 ‘Reliqua
322 2648 435 2701 suntin
453 2664 531 2702 more
549 2649 632 2702 funus
650 2650 683 2702 ut
699 2647 841 2703 indicatur
860 2647 884 2701 si
903 2647 972 2716 quid
998 2649 1130 2703 ludorum
1154 2646 1339 2715 dominusque

166 2718 333 2786 (domusque
352 2717 426 2786 cod.)
444 2718 549 2772 funeris
568 2720 665 2773 utatur
679 2736 797 2774 accenso
812 2721 841 2774 et
854 2719 1013 2774 lictoribus'
1034 2721 1110 2774 16616
1125 2735 1185 2774 6666
1201 2717 1339 2772 traditum

167 2787 237 2842 mihi
255 2788 424 2857 persuadere
442 2805 564 2859 possum.
601 2789 640 2845 At
658 2791 824 2846 Mommseni
848 2791 1009 2846 coniectura
1027 2790 1079 2860 (St.
1094 2790 1128 2846 a.
1143 2790 1174 2842 1³
1193 2809 1219 2860 p.
1235 2795 1295 2844 331.
1311 2791 1339 2858 6)

167 2858 216 2928 qui
235 2859 306 2930 legit
321 2860 353 2914 ‘r.
369 2879 390 2914 s.
405 2859 423 2912 1.
438 2878 489 2915 m.:
509 2861 805 2930 16666611611661611
825 2861 849 2916 si
864 2864 931 2932 qnid
945 2862 1076 2918 ludorum
1091 2862 1220 2916 dominus
1234 2862 1253 2915 f.
1269 2880 1295 2914 u.
1313 2878 1337 2914 a.

166 2933 196 2985 et
214 2931 245 2986 l.’
267 2931 501 2986 constructionem
526 2933 685 3002 corrumpit.
724 2934 841 2987 Sensum
864 2936 941 2988 recte
965 2932 1126 3001 eonstituit;
1151 2949 1241 3001 neque
1265 2933 1339 2986 enim

166 3003 328 3058 conveniret
350 3002 493 3057 dominum
516 3002 622 3058 1666116
645 3005 743 3072 utique
767 3005 796 3058 in
820 3003 917 3058 166616
939 3005 1043 3059 babere
1068 3003 1175 3071 fasces,
1199 3020 1261 3056 cum
1284 3005 1340 3072 ipsi
1447 3002 1449 3006 ’

166 3074 349 3157 magistratus
367 3073 397 3156 in
416 3074 494 3128 luctu
513 3076 693 3144 deponerent.
726 3074 802 3160 Atsi
817 3075 878 3158 ludi
892 3071 975 3130 161166
990 3075 1179 3155 sequebantur
1193 3090 1263 3155 opus
1278 3077 1340 3128 6161

166 3145 1341 3286 1111111111111311111111111111111111111111

166 3286 242 3355 quod
261 3288 321 3340 ludi
340 3288 486 3355 funebres,
511 3289 675 3357 quibuscum
699 3307 755 3344 non
778 3291 843 3343 sunt
865 3288 1078 3344 confundendae
1097 3289 1246 3358 pyrrichas
1266 3287 1339 3342 circa

166 3375 265 3427 rogum
284 3357 407 3412 militum
421 3359 467 3428 (61.
482 3378 509 3428 p.
524 3366 577 3414 338
591 3377 618 3415 6.
634 3363 661 3429 6)
675 3361 847 3430 plerumque,
866 3361 941 3415 certe
956 3377 1066 3432 semper
1081 3362 1105 3414 si
1120 3377 1220 3430 corpus
1234 3376 1339 3413 crema·

167 3435 243 3484 retur
262 3430 307 3499 (cf.
326 3428 480 3498 Luebbert‚
508 3435 658 3485 comment.
681 3431 972 3502 11661111).756(1(1.),
999 3448 1074 3486 6666
1099 3431 1270 3500 1166116661
1294 3431 1339 3484 die

166 3501 351 3556 habebantur.
385 3499 463 3556 Festi
476 3501 555 3556 locus
569 3502 631 3571 (Qu.
647 3501 706 3556 XV.
721 3507 738 3555 8
753 3521 780 3570 p.
797 3508 855 3558 144.
871 3506 917 3572 24)
935 3503 1148 3572 ‘simpludiarea
1163 3503 1261 3557 funera
1276 3504 1341 3556 sunt

167 3572 268 3643 quihus
288 3571 457 3628 adhibentur
476 3575 623 3628 dumtaxat
641 3572 701 3627 ludi
716 3574 930 3644 corbitoresque.
959 3574 1072 3644 quidam
1088 3591 1122 3628 ea
1136 3573 1267 3628 dixerunt
1281 3592 1338 3628 6666

167 3643 267 3712 quibus
291 3645 421 3698 neutrum
447 3660 535 3713 genus
559 3644 708 3700 interesset
730 3646 868 3699 ludorum.
897 3661 962 3698 nam
985 3645 1122 3700 indictiva
1149 3646 1212 3700 sunt
1240 3645 1340 3713 quibus

68 3721 71 3728 ’
168 3713 338 3770 adhibentur
356 3732 411 3770 non
429 3715 489 3769 ludi
508 3717 591 3771 modo
611 3716 659 3770 sed
679 3715 766 3770 etiam
792 3716 947 3770 desultores
967 3733 1038 3784 quae
1058 3718 1122 3770 sunt
1145 3715 1340 3785 amplissima’,

168 3786 234 3839 dum
253 3801 287 3840 ne
308 3784 468 3841 ‘indictiva'
490 3787 658 3842 vocabulum
677 3786 749 3841 falso
765 3788 802 3841 sit
811 3789 1010 3856 interpositum
1024 3805 1058 3842 ex
1091 3787 1251 3854 lossemate‚
1274 3788 1339 3842 deli-

168 3856 304 3910 nitionem
324 3856 404 3911 huius
423 3857 501 3912 verbi
520 3859 569 3913 dat
587 3876 638 3927 per
657 3858 794 3927 accidens,
813 3859 917 3913 rectius
936 3859 985 3912 ille
1004 3807 1143 3913 61161666
1163 3857 1339 3912 ‘indietivom

167 3928 260 3994 funus,
280 3927 315 3980 ad
336 3928 410 3996 quod
429 3945 480 3998 per
498 3945 665 3998 praeconem
685 3929 896 3985 avocabantur’.
930 3928 1070 3984 Ciceronis
1090 3934 1184 3984 autem
1198 3930 1285 3983 verba
1299 3929 1339 3982 sic

167 4003 237 4069 puto
257 4013 318 4052 6666
338 4000 512 4054 emendanda
532 4001 653 4069 ‘reliqua
672 4001 784 4055 suntin
804 4016 889 4068 more,
908 4001 991 4056 funus
1010 4005 1042 4056 ut
1056 4001 1198 4056 indicatur
1217 3998 1295 4072 (et),
1316 4001 1339 4053 si

169 4069 238 4140 quid
257 4068 396 4137 ludorum,
415 4069 542 4126 dominus
562 4071 633 4145 <qui
652 4072 715 4146 est)
734 4072 839 4126 funeris
859 4074 954 4126 utatur
977 4090 1094 4128 accenso
1119 4074 1147 4126 et
1170 4071 1338 4126 lictoribus’.

257 4141 284 4211 4)
304 4139 419 4208 ‘Ludos
434 4159 503 4209 quos
517 4143 622 4210 primos
636 4147 796 4199 consecrato
812 4143 906 4214 (Iulio)
922 4144 947 4198 ei
961 4146 1059 4199 heres
1070 4144 1214 4212 Augustus
1224 4143 1337 4197 edebat’

168 4213 256 4336 ffuet.
280 4211 332 4267 Iul.
352 4215 398 4281 88)
423 4212 483 4280 ipse
507 4213 609 4267 Caesar
632 4214 734 4269 Veneri
757 4214 899 4270 Genetrioi
921 4217 1038 4270 voverat
1061 4216 1147 4280 (Cass.
1173 4212 1225 4269 Dio
1244 4220 1287 4268 45.
1303 4217 1338 4283 7).

190 4285 235 4339 611
252 4283 373 4355 Augusti
392 4283 629 4339 consecrationem
648 4285 778 4340 videntur
796 4288 826 4340 et
843 4285 956 4354 publice
981 4287 1010 4340 et
1028 4283 1161 4354 privatim
1187 4285 1247 4338 ludi
1270 4284 1329 4340 odit

168 4371 234 4410 6666.
272 4354 347 4411 Cass.
362 4354 415 4410 Dio
431 4361 474 4411 18,
489 4361 523 4410 46
544 4355 601 4409 ‘rot
620 4356 695 4410 6111
710 4359 759 4422 μὲν
774 4360 842 4412 ἄλλα
857 4359 947 4422 ὥεπερ
962 4355 1052 4411 εἰώθει
1066 4356 1203 4422 γίγνεεθαι
1218 4358 1338 4426 ἔπραξαν

170 4431 344 4495 ....χ(6111(
363 4429 523 4483 betorinum
542 4429 586 4482 καὶ
605 4430 622 4496 ἡ
642 4427 738 4482 broulo
761 4427 850 4481 ἰδίαν
877 4429 992 4496 1111116
1016 4430 1092 4500 αὐτῷ
1115 4430 1270 4498 πανήγυριν
1295 4431 1339 4484 ἐπὶ
