3006 5152
173 241 236 305 338
602 237 759 294 Ilridericus
778 238 915 294 Vollmer:

171 409 440 496 toriopraesentia
457 409 587 468 militum
606 410 696 468 armis
714 409 905 484 fulgentium.
912 402 938 489 ¹)
976 409 1040 468 lam
1054 409 1218 486 imaginum
1231 427 1342 484 pompa

171 499 203 557 in
231 500 386 558 funeribus
414 499 541 575 privatis
570 501 709 558 conclusa
735 499 816 556 intra
844 498 973 574 gentiles
1006 498 1205 574 amplificatur
1232 498 1342 556 additis

170 587 305 663 personis
325 607 428 648 eorum
446 588 498 664 qui
516 588 548 646 in
562 607 596 646 re
609 588 729 664 publica
742 587 791 647 vel
805 587 880 646 alias
895 579 1088 669 eminuere.²)
1120 588 1187 646 Non
1201 587 1342 646 minimus

172 677 278 737 deinde
295 677 409 736 funeris
428 676 541 753 publici
559 678 652 737 honos
675 677 707 736 in
730 695 764 735 eo
783 676 973 753 versabatur,
1000 677 1079 754 quod
1102 678 1207 736 laudes
1230 676 1343 736 mortui

172 767 210 825 ab
230 769 349 826 oratore
368 786 456 843 quem
479 767 585 827 civitas
608 766 640 825 in
662 766 718 825 hcc
742 765 871 825 officinm
895 765 1098 825 constituebat
1120 766 1240 841 publice
1264 766 1341 824 dice-

170 848 323 937 bantur.³)
360 857 385 913 E
408 857 474 914 foro
498 857 536 914 ad
559 876 666 932 rogum
688 855 869 937 portabatur
893 856 988 914 lectus
1011 875 1030 914 a
1052 855 1125 915 viris
1148 845 1343 933 nobilibus⁴>‚

170 963 239 1003 cum
266 947 298 1004 in
325 946 430 1004 funere
456 945 573 1020 privato
600 945 657 1004 boc
684 944 816 1004 officium
844 945 1016 1004 conveniret
1042 943 1112 1003 filiis
1140 945 1188 1003 vel
1215 944 1341 1003 libertis.

172 1032 360 1093 Comitsntur
384 1037 484 1092 autem
508 1035 662 1110 exsequias
685 1053 744 1093 ncn
767 1035 863 1092 solum
885 1033 1045 1109 propinqui
1069 1035 1120 1093 sed
1145 1034 1342 1108 magistratus
1453 1047 1463 1062 ·

171 1127 202 1181 et
220 1124 348 1183 maiores
367 1124 398 1182 et
415 1124 545 1182 minores
565 1127 655 1200 atque
674 1123 766 1181 etiam
784 1122 948 1198 pontifices,
967 1123 1019 1198 qui
1036 1141 1143 1198 rogum
1158 1113 1342 1203 ambeunt.⁵)

172 1211 381 1288 Spectaculum
399 1212 568 1290 augebatur
587 1213 713 1273 decursu
730 1211 871 1288 ludisque
889 1212 1071 1271 militaribus
1086 1212 1164 1270 cirea
1178 1231 1292 1289 rogum,
1311 1210 1342 1268 in

171 1302 280 1377 quibus
299 1303 414 1380 equites
434 1305 465 1361 ct
483 1301 599 1377 pedites
614 1293 854 1381 cernebantur.⁶)
887 1301 992 1377 Neque
1008 1301 1137 1360 incensio
1151 1302 1218 1376 rogi
1232 1301 1342 1359 bonore

170 1392 302 1466 carebat,
321 1391 413 1450 fiebat
432 1392 509 1450 enim
529 1411 565 1450 ex
582 1391 723 1450 mandato
748 1390 868 1466 publico
891 1393 926 1448 ut
948 1391 1068 1450 videtur
1091 1393 1144 1449 aut
1166 1409 1220 1466 per
1243 1393 1343 1448 centu·

168 1480 268 1539 rienes
278 1473 303 1560 ⁷)
324 1484 377 1538 aut
395 1500 450 1556 per
469 1459 638 1561 consules⁸)
658 1483 711 1540 aut
729 1499 783 1556 per
801 1498 1002 1539 successorem
1019 1470 1252 1560 imperatoris.⁹)

259 1652 284 1718 1)
305 1650 385 1715 Quod
404 1649 524 1704 sciamus
543 1650 647 1704 milites
666 1649 788 1719 primum
806 1649 836 1704 in
860 1648 957 1704 funere
976 1648 1098 1719 Augusti
1121 1649 1199 1703 iussu
1222 1649 1341 1717 impera·

169 1721 238 1774 toris
257 1721 383 1779 aderant.
420 1721 533 1775 Tacitus
551 1739 585 1776 ex
604 1721 697 1776 animo
716 1721 822 1776 liberae
840 1721 881 1776 rei
921 1721 1030 1776 ublicac
1049 1720 1175 1775 studioso
1201 1721 1343 1774 invehitur

167 1791 197 1845 in
226 1794 298 1846 hanc
325 1809 385 1846 rem
412 1809 515 1848 novam
540 1795 613 1862 (ann.
628 1793 649 1846 I.
666 1799 682 1848 8
701 1793 736 1849 ci.
750 1792 799 1848 III.
814 1794 850 1863 4).
893 1740 999 1858 duodsi
1025 1792 1169 1848 funeribus
1194 1791 1289 1846 Sullae
1313 1794 1342 1845 et

171 1863 298 1918 Caesaris
318 1865 469 1934 scriptores
487 1863 613 1918 referunt
631 1862 737 1919 milites
755 1865 879 1918 armatos
899 1864 1030 1932 adfuisse,
1049 1880 1094 1918 res
1112 1864 1154 1918 ita
1169 1863 1342 1933 expedienda

170 1938 213 1989 est
231 1937 264 1988 ut
282 1937 443 2006 reputemus
461 1936 608 1991 veteranos
627 1936 700 1990 ultro
725 1934 808 1989 funus
826 1938 990 2005 prosecutos
1009 1951 1069 1990 esse
1089 1937 1270 2006 ((υνέδραμον
1289 1936 1342 2002 γὰρ

167 2009 272 2076 (πουδῄ
291 2005 363 2076 App.
382 2008 409 2062 b.
433 2025 456 2062 c.
471 2007 492 2061 Ι.
514 2011 585 2075 106),
621 2006 748 2061 Lucanus
767 2007 856 2076 igitur
873 2007 981 2077 fingens
999 2007 1082 2061 funus
1101 2007 1243 2076 publicum
1260 2006 1342 2074 quale

170 2077 305 2146 Pompeio
328 2077 389 2132 fieri
412 2077 541 2132 debuerit
565 2077 649 2148 (VIII.
670 2080 800 2147 729sqq.)
827 2077 870 2132 sui
895 2079 1029 2148 temporis
1056 2078 1142 2132 ritum
1165 2078 1195 2132 in
1219 2077 1344 2132 anterius

169 2149 255 2203 refert
273 2167 337 2204 cum
357 2149 455 2204 scribit
474 2152 557 2218 (734.)
577 2150 665 2205 ‘totns
680 2154 712 2204 ut
725 2150 820 2220 ignem
834 2149 966 2220 proiectis
981 2149 1032 2219 (sic
1046 2150 1122 2205 recte
1137 2149 1216 2205 codd.
1236 2148 1344 2203 scilicet

169 2221 268 2275 codem
295 2238 377 2276 sensu
406 2238 461 2289 quo
489 2219 592 2275 dicitur
615 2220 783 2276 vocabulum
807 2221 843 2275 ab
861 2220 948 2276 Hosio
971 2221 1147 2290 propositum
1172 2219 1342 2290 ‘protentis'‚

169 2293 205 2346 cf.
225 2291 354 2361 exempla
371 2295 497 2347 veterum
516 2311 534 2347 a
552 2291 696 2347 MacrobIo
717 2294 829 2346 servata
844 2292 901 2364 [VI.
918 2299 942 2346 4.
960 2293 1055 2362 14sq.]
1071 2295 1100 2346 et
1112 2293 1171 2347 Liv.
1183 2291 1294 2346 XXXII.
1309 2297 1343 2346 25

170 2364 245 2418 ‘oum
263 2364 389 2432 proiecto
408 2379 475 2433 prae
494 2381 524 2419 se
544 2363 589 2418 clu
610 2380 643 2418 eo
668 2365 770 2418 staret'
797 2366 826 2417 et
849 2365 953 2419 Lucan.
968 2364 1014 2418 IV.
1031 2368 1082 2418 766
1108 2363 1214 2435 ‘[eqni]
1240 2379 1343 2430 oraque

170 2436 300 2504 proiecta
318 2435 448 2503 squalent
465 2434 575 2489 arentia
590 2383 716 2506 lingus’)
735 2452 863 2489 maerens
882 2434 1020 2490 exercitus
1039 2434 1146 2490 ambiat
1165 2435 1270 2489 armis’.

258 2505 288 2576 2)'
304 2505 371 2560 Inde
383 2505 528 2561 aItomulo
539 2507 591 2560 viri
601 2505 769 2576 principales
782 2505 811 2560 in
822 2507 944 2576 Augusti
958 2505 1055 2561 funere
1068 2504 1212 2576 personati
1226 2506 1344 2560 aderant

166 2579 239 2631 teste
258 2577 346 2631 Dione
366 2583 408 2631 66.
425 2583 466 2632 64.
487 2585 511 2645 2,
532 2577 608 2632 etin
626 2577 723 2632 funere
742 2577 837 2632 Severi
860 2580 917 2632 ό(οι
937 2578 1081 2644 Ῥωμαίων
1106 2580 1225 2634 ἐνδόξω(
1249 2579 1341 2644 ἐετρα-

167 2650 290 2716 τήγη(αν
304 2651 322 2716 ἢ
338 2649 509 2715 ἐβαείλευων
523 2649 685 2718 (Herodian.
699 2649 746 2703 IV.
757 2655 782 2703 2.
794 2651 845 2718 10).
874 2648 996 2719 Longius
1015 2648 1101 2705 etiem
1120 2666 1280 2720 progressus
1300 2650 1343 2702 est

167 2719 285 2774 Severus
304 2719 333 2772 in
352 2720 449 2774 funere
467 2719 631 2788 Pertinacis,
652 2719 717 2774 vide
737 2737 821 2790 snpra
839 2739 866 2790 p.
881 2725 942 2776 336.

258 2793 286 2860 3)
306 2789 437 2846 Conleras
451 2792 486 2845 de
501 2790 710 2846 laudationibus
724 2791 845 2860 publicis
859 2790 1084 2847 dissertationem
1099 2808 1189 2846 meam
1204 2793 1234 2848 in
1245 2791 1343 2846 Fleck-

170 2860 258 2915 ciscni
278 2863 370 2916 annal.
389 2862 487 2931 philol.
508 2863 598 2932 suppl.
618 2862 717 2918 XVIII.
737 2861 875 2932 imprimis
894 2883 920 2934 p.
935 2869 1059 2918 456-66
1078 2866 1108 2918 et
1126 2863 1270 2922 Addends.

258 2936 287 3000 4)
308 2933 422 2988 ‘umeris
442 2934 613 2988 senaternm’
635 2933 700 2990 Tac.
720 2953 783 2990 ann.
798 2934 819 2988 I.
835 2941 851 2988 8
869 2936 938 3003 πρό(
963 2940 1021 2990 τῶν
1041 2937 1068 2990 ἐ(
1085 2936 1178 2990 νέωτα
1197 2937 1342 3003 ἀρχόντων

171 3004 246 3060 Cass.
272 3003 325 3060 Dio
350 3003 417 3074 epit.
441 3011 483 3059 66.
499 3010 572 3060 362
605 3006 633 3059 οἵ
655 3023 686 3060 τε
710 3008 843 3074 ἀρχιερεῖ(
866 3010 910 3061 καὶ
931 3007 958 3060 αἱ
989 3008 1070 3074 ἀρχαὶ
1093 3007 1176 3061 αἵτε
1200 3008 1343 3061 {veredicus

169 3081 213 3130 καὶ
232 3076 260 3130 αἱ
279 3077 307 3130 έ(
325 3078 417 3130 νέωτα
436 3079 664 3142 ἀποδεδειγμέναι
682 3081 727 3131 καὶ
746 3079 853 3132 ἱππεῦτί
871 3095 922 3132 rus
941 3079 1036 3145 φέρειν
1060 3079 1157 3132 έδοεαν
1190 3077 1265 3133 Cass.
1289 3077 1342 3131 Dio

171 3153 211 3204 74.
231 3154 256 3202 ό.
275 3148 296 3217 ’,2
326 3147 351 3200 οἱ
374 3151 426 3214 τὴν
454 3150 562 3202 ὕπατον
586 3149 674 3216 ἀρχὴν
697 3151 763 3202 τότε
792 3151 933 3203 διέποντε(
963 3147 1113 3204 Herodian.
1137 3149 1184 3203 IV.
1207 3157 1228 3204 1.
1250 3155 1266 3202 3
1291 3156 1343 3203 τοῦ

167 3236 198 3272 τε
227 3219 338 3272 ἱππικοῦ
366 3220 507 3284 τάγματα(
535 3221 725 3284 εὐγενέ(τατοι
754 3223 799 3274 καί
822 3225 872 3287 τῆ(
899 3221 1052 3288 (υγκλήτου
1077 3220 1212 3274 ἐπίλεκτοι
1239 3222 1343 3275 νεανίαι

167 3289 317 3344 Herodian.
332 3287 378 3345 IV.
395 3296 418 3342 2.
435 3296 451 3342 4
475 3291 529 3344 ἀπό
553 3295 603 3357 τῆ(
622 3295 722 3358 βουλή(
741 3293 840 3359 ἄνδρε(
859 3294 991 3359 εὔρω(τοι
1013 3291 1133 3361 Appian.
1161 3293 1187 3347 b.
1209 3309 1231 3346 c.
1250 3293 1271 3347 I.
1293 3298 1343 3346 106

170 3362 196 3414 οἱ
214 3362 404 3428 λαμπρότατοι
422 3367 481 3414 τῶν
499 3362 572 3415 νέων
591 3363 621 3415 ἐν
639 3369 699 3416 τοῖ(
713 3365 783 3417 κατὰ
802 3365 939 3430 πολέμου(
958 3364 1049 3430 ἔργοι(
1080 3362 1161 3418 Dion.
1182 3363 1246 3418 Hal.
1263 3363 1293 3416 A.
1310 3365 1342 3417 R.

171 3431 244 3487 VIII.
260 3437 294 3485 69
316 3431 502 3487 ‘tribunorum
522 3433 770 3502 centurionumque
796 3434 899 3488 umeris
923 3435 1029 3489 cineres
1048 3433 1227 3504 (Germanici)
1250 3436 1343 3502 porta-

170 3504 273 3556 bantur
292 3520 307 3556 c
327 3501 474 3558 Brundisio
492 3505 622 3559 Romam'
657 3506 723 3560 Tac.
742 3523 806 3560 ann.
821 3506 869 3562 III.
885 3511 909 3560 2.
946 3505 1024 3560 Idem
1043 3505 1146 3560 Cordus
1166 3506 1241 3574 apud
1255 3505 1340 3560 Luca·

170 3591 237 3626 nurn
257 3573 341 3641 (VIII.
358 3576 419 3643 732)
438 3575 500 3630 volt
517 3575 625 3630 factum
644 3593 704 3631 esse
723 3577 857 3646 Pompeio
878 3577 921 3630 ‘ut
934 3576 1061 3632 Romana
1075 3593 1154 3631 suum
1168 3578 1281 3644 gestent
1294 3577 1342 3646 pia

170 3644 244 3699 colla
262 3646 429 3713 parcntem’.
444 3678 477 3686 —
492 3645 546 3700 Hic
560 3647 650 3701 bonor
664 3649 750 3702 etiam
763 3648 793 3702 in
807 3647 965 3717 municipiis
978 3648 1092 3702 habitus
1107 3650 1158 3717 est,
1177 3647 1213 3702 cf.
1228 3647 1341 3702 titulum

167 3715 333 3858 dPesrusinutqr
360 3715 400 3786 (0.
424 3717 445 3773 I.
469 3719 500 3772 L.
524 3718 572 3772 XI.
598 3723 678 3788 1946)
712 3719 832 3788 ‘equites
859 3719 978 3775 Romani
1006 3736 1069 3774 eum
1097 3719 1133 3774 ad
1165 3737 1264 3788 rogum
1299 3721 1343 3791 [nt

187 3803 294 3841 eerren
326 3789 343 3840 '.

260 3861 287 3928 ό)
307 3863 414 3927 πρῶτοι
433 3861 483 3927 μέν
498 3861 524 3914 ol
542 3861 623 3929 ἱερεῖ(
641 3862 742 3916 πάντε(
759 3867 908 3930 περιῆλθον
928 3864 1016 3929 αὐτήν
1036 3861 1110 3917 Cass.
1130 3862 1342 3932 Dicturus,

169 3931 204 3986 ef.
224 3929 336 4000 Appian
354 3931 375 3985 l.
392 3935 442 3985 106
461 3950 487 4000 p.
504 3937 572 4004 6⁷24
587 3933 625 3989 M.

258 4004 286 4072 6)
304 4019 379 4057 cons.
393 4002 430 4056 ad
443 4001 501 4058 Lis.
517 4009 578 4059 217.
597 4005 747 4060 Herodian.
757 4005 803 4060 IV.
815 4011 867 4060 29
881 4005 993 4059 tuuuclu
1013 4008 1075 4074 περὶ
1089 4009 1123 4060 τό
1138 4008 1341 4070 κατα(κεύα(μα

168 4075 257 4128 έκεῖνο
278 4074 401 4140 γίγνεται
419 4079 475 4128 πᾶν
492 4092 524 4129 τε
541 4076 576 4129 τό
590 4075 700 4131 ἱππικόν
715 4078 808 4143 τάγμα
821 4081 926 4144 περιθεῖ
940 4079 1031 4148 κύκλῳ
1046 4080 1115 4144 μετά
1128 4095 1203 4132 τινα(
1217 4076 1342 4131 εὐταξία(

168 4147 212 4199 καί
236 4147 450 4200 ἀνακυκλώεεια(
472 4148 608 4218 πυρριχίῳ
634 4149 729 4218 δρόμῳ
759 4151 802 4202 καί
825 4151 930 4219 ῥυθμῷ.
964 4150 998 4203 cf.
1019 4148 1095 4204 Cass.
1113 4147 1167 4203 Dic
1185 4149 1203 4200 l.
1218 4149 1236 4200 l.
1256 4165 1283 4216 p.
1298 4152 1341 4202 25.

257 4223 284 4286 7)
304 4218 332 4272 C.
351 4216 405 4272 Dio
425 4223 467 4272 66.
486 4225 565 4272 463
600 4221 686 4288 δᾷδα(
709 4222 906 4288 ἑκατόνταρχοι
937 4222 975 4274 ὥ(
998 4239 1053 4274 που
1076 4227 1110 4287 τῇ
1140 4222 1224 4288 βουλῇ
1254 4220 1342 4273 ἐδόκει

168 4289 299 4352 λαβόντε(
316 4290 436 4356 ὑφῆψαν
455 4291 551 4358 αὐτήν,

258 4363 285 4428 8)
305 4360 333 4415 0.
349 4359 402 4413 Dio
421 4361 439 4414 l.
454 4361 473 4413 l.

257 4431 284 4498 9)
302 4429 453 4484 Herodian.
469 4431 515 4488 IV.
531 4438 555 4488 2.
574 4439 614 4488 10.
