3006 5152
163 233 227 296 328
592 228 749 284 Fridcricus
768 227 905 283 Vollmer:

163 404 358 479 imperatores
381 401 411 460 et
435 419 470 458 ex
493 400 579 458 domo
602 399 705 458 dimna
727 398 839 458 mortui
862 399 910 459 vel
933 400 1068 458 mortuae
1091 398 1232 458 honorati
1255 400 1332 457 sunt.

163 493 223 551 Res
238 491 374 567 singulae
388 489 477 549 certis
491 489 584 548 tribui
598 488 682 548 annis
691 479 717 568 ¹)
730 506 789 546 non
804 488 863 546 iam
877 489 1003 563 possunt
1017 506 1071 547 nec
1080 487 1183 563 magni
1196 487 1333 547 interest.

164 580 245 640 Scire
269 585 369 640 autem
392 580 482 637 funus
510 577 663 654 publicum
686 578 741 637 hoc
764 577 851 637 modo
875 577 985 636 sensim
1009 577 1159 636 excultum
1188 595 1333 636 essenon

165 669 292 729 estsine
311 671 419 728 fructu.
461 667 539 726 Hinc
562 667 640 727 enim
663 685 823 741 possumus
846 667 1031 744 distinguere
1056 667 1183 725 honores
1206 665 1258 741 qui
1280 685 1334 742 per

165 759 285 818 saecula
307 757 494 834 insequentia
516 756 548 814 in
570 755 739 833 municipiis
764 755 875 814 decreti
899 758 976 814 sunt.
1017 755 1065 814 Ibi
1087 755 1166 814 enim
1189 756 1276 814 modo
1294 787 1329 796 -

165 850 256 925 atque
280 851 314 907 ut
336 847 456 908 videtur
478 846 561 906 varie
584 845 616 904 in
637 845 730 906 variis
757 835 951 926 provinciis²)
970 875 1014 886 -
1034 843 1204 904 decernitur
1229 837 1333 904 ‘funus

164 929 340 1013 publicum',
359 937 446 995 modo
466 929 620 1012 ‘inpensae
638 928 771 1012 funeris',
790 933 877 993 modo
898 927 940 992 ‘in
953 929 1130 994 funerati&
1143 979 1150 993 .
1165 979 1171 992 .
1188 981 1194 992 .
1210 927 1239 1010 .',
1257 953 1334 1010 quae

165 1045 213 1085 res
233 1027 398 1103 depingunt
417 1024 529 1101 gradus
548 1025 579 1083 in
597 1025 671 1083 urbe
690 1025 786 1084 Roma
804 1023 895 1083 variis
914 1023 1099 1099 temporibus
1119 1022 1246 1083 usitatos
1265 1023 1335 1082 licet

165 1135 223 1174 uno
242 1115 362 1174 nomine
381 1109 506 1172 ‘funeris
524 1105 648 1190 publici'
668 1113 848 1189 designatos.
890 1111 938 1170 aio
961 1113 1164 1188 intellegimus
1188 1112 1334 1188 quomodo

165 1203 361 1281 municipium
371 1202 507 1262 Flavium
518 1203 651 1278 potuerit
661 1202 750 1261 alicui
760 1205 790 1262 et
800 1196 967 1278 ‘inpensam
976 1195 1102 1261 funeris'
1116 1205 1147 1260 et
1156 1194 1333 1279 ‘exsequias'

165 1285 355 1374 decernere³)
376 1293 505 1369 quidque
523 1292 653 1352 voluerit
671 1295 758 1368 pater
779 1292 843 1366 ille,
871 1292 923 1369 qui
946 1291 1064 1352 decreto
1087 1291 1193 1351 funere
1215 1289 1350 1378 publico⁸

165 1376 287 1442 ‘honore
305 1402 379 1442 usus
396 1381 563 1458 impensam
580 1373 749 1460 remisit'.4)

251 1473 355 1530 Funus
375 1471 468 1547 igitur
482 1471 645 1547 publicum,
664 1489 721 1546 quo
735 1470 855 1530 decreto
869 1469 1008 1545 primitus
1024 1472 1162 1546 sumptus
1177 1469 1290 1530 funeris
1304 1471 1336 1530 in

164 1560 313 1620 aerarium
322 1559 462 1618 translati
472 1563 549 1636 sunt,
565 1559 620 1618 sub
630 1559 718 1617 finem
729 1560 771 1619 rei
781 1559 919 1636 publicae
930 1560 1044 1618 liberae
1054 1562 1168 1622 etacvo
1178 1559 1334 1636 Augusteo

86 1722 88 1726 .
166 1651 210 1708 ita
229 1653 350 1708 auctum
369 1652 423 1724 est,
442 1652 476 1706 ut
495 1667 543 1708 res
561 1649 682 1724 publica
700 1667 808 1708 munus
828 1649 927 1725 gentis
946 1651 977 1708 et
995 1649 1127 1709 familiae
1146 1651 1243 1709 totum
1257 1649 1289 1708 in
1304 1669 1335 1710 se

164 1739 328 1814 susciperet
351 1741 382 1796 et
399 1740 519 1813 praeter
543 1741 680 1813 sumptus
704 1738 795 1797 etiam
818 1738 952 1798 ordinem
977 1741 1008 1796 et
1031 1739 1262 1798 sollemnitatem
1287 1759 1335 1798 ox-

164 1827 333 1903 seqniarum
353 1827 472 1903 publice
490 1819 703 1908 institueret.⁵)
741 1828 785 1886 Eo
803 1828 934 1902 pertinet
952 1827 1099 1902 imprimis
1117 1831 1152 1887 nt
1166 1827 1256 1886 etiam
1271 1828 1335 1887 offi-

164 1916 242 1974 cium
254 1917 395 1974 laudandi
405 1917 553 1976 mortuom
564 1916 755 1992 erepublica
766 1915 929 1993 gentilibus
940 1917 1093 1992 demptum
1104 1919 1135 1975 et
1144 1917 1337 1993 magistratui

164 2006 339 2064 mandatum
354 1997 435 2085 εἰῶ)
468 2004 636 2064 Gentiliane
651 2025 689 2063 an
703 2005 823 2080 publiea
839 2006 911 2064 haec
929 2005 1043 2065 fuerint
1060 2025 1184 2066 munera
1202 2005 1233 2064 in
1252 2006 1336 2065 fune·

163 2095 246 2152 ribus
264 2093 465 2170 imperatoriis
485 2114 543 2154 non
563 2097 610 2154 sat
628 2093 759 2154 dilucide
777 2097 916 2171 apparet,
939 2095 969 2153 in
992 2095 1029 2154 iis
1054 2097 1156 2154 autem
1180 2095 1337 2170 praecipuo

165 2183 261 2261 magis
275 2183 431 2260 magisque
444 2183 564 2258 publica
573 2182 653 2242 facta
663 2186 741 2243 sunt.
770 2183 872 2242 Funus
881 2183 977 2260 igitur
987 2184 1139 2260 publicum
1149 2184 1336 2261 temporibus

164 2273 363 2348 imperatoriis
383 2273 487 2330 eodem
505 2273 591 2332 modo
611 2292 669 2348 quo
688 2274 753 2332 loca
768 2274 941 2349 sepulturae
955 2274 1073 2348 publice
1088 2275 1204 2333 (lateat
1218 2277 1336 2333 statuae

164 2361 285 2436 publico
304 2362 441 2420 decretae
455 2393 498 2402 -
512 2362 544 2420 bi
563 2362 641 2420 enim
660 2364 721 2420 tres
741 2363 869 2422 honores
889 2381 1005 2439 semper
1024 2383 1078 2439 pro
1098 2363 1223 2424 diversis
1242 2363 1337 2423 habiti

165 2453 243 2528 sunt,
258 2469 376 2526 semper
390 2451 421 2508 in
435 2451 562 2509 decretis
578 2454 609 2510 et
622 2451 727 2527 elogiis
743 2451 960 2525 discernuntur,
973 2471 1137 2528 numquam
1150 2472 1209 2512 uno
1219 2453 1336 2512 nomine

164 2530 487 2618 comprehenduntur⁷)
505 2570 543 2580 —
559 2544 708 2598 mortuom
724 2541 810 2616 quasi
825 2541 928 2599 eximit
943 2560 979 2599 ex
992 2541 1098 2616 gentili
1108 2541 1193 2601 cultu
1207 2543 1335 2617 partem·

164 2646 220 2702 que
243 2629 390 2687 honorum
419 2628 482 2687 eius
508 2629 586 2686 inter
614 2629 712 2688 officia
738 2629 782 2692 rei
810 2628 947 2705 publicae
975 2631 1068 2706 ponit.
1115 2628 1265 2700 Quasnam
1290 2649 1336 2689 res

165 2718 311 2775 curandas
331 2717 464 2792 singulas
483 2717 515 2774 in
535 2717 660 2793 singulis
679 2717 835 2786 funeribus
855 2737 902 2778 res
922 2718 1041 2794 publica
1059 2719 1091 2776 in
1111 2738 1142 2778 se
1164 2719 1337 2795 susceperit,

163 2824 237 2880 quas
251 2807 425 2882 propinquis
440 2805 605 2882 reliquerit,
619 2807 751 2865 neniam
767 2805 870 2866 eruere
884 2826 1060 2884 possumus3
1078 2808 1109 2865 in
1122 2809 1336 2883 imperatorum

162 2894 318 2954 funeribus
333 2888 464 2970 ‘patrum
477 2889 604 2970 patriae'
618 2915 671 2970 per
682 2915 713 2954 se
724 2897 810 2972 quasi
824 2915 898 2972 gens
914 2899 944 2956 et
955 2916 1003 2957 res
1014 2898 1133 2972 publica
1148 2896 1336 2974 conveniunt,

163 2984 194 3040 in
222 2985 408 3060 privatorum
441 2984 560 3060 singula
588 2987 658 3044 sunt
685 2985 797 3044 nullius
825 2986 968 3045 momenti
999 3005 1095 3064 nequo
1123 2985 1291 3044 accuratius
1319 3004 1338 3044 a

163 3073 357 3147 scriptoribus
376 3076 546 3132 narrantur.

253 3163 311 3220 Res
330 3165 431 3220 tamen
449 3161 570 3237 publiea
588 3180 691 3220 curam
709 3165 741 3221 et
754 3163 870 3221 luctum
885 3182 969 3222 suom
984 3164 1043 3223 nisi
1057 3163 1088 3222 in
1100 3164 1335 3240 imperatoribus

163 3269 222 3308 non
245 3251 325 3308 ultra
349 3251 534 3326 sepulturam
559 3251 695 3325 protulit.
741 3251 877 3327 Sepulori
899 3252 1006 3329 ipsine,
1034 3253 1119 3312 ouius
1146 3255 1246 3313 locum
1275 3272 1337 3313 sae-

163 3341 285 3412 pissime
309 3339 381 3398 ordo
407 3339 553 3415 decrevit,
580 3339 748 3399 aedificatio
776 3341 897 3400 videtur
923 3343 1098 3419 plerumque
1122 3362 1140 3400 a
1162 3343 1336 3420 propinquis

164 3477 375 3484 ----—·--———

253 3565 279 3631 1)
299 3563 392 3616 Pauca
410 3561 473 3616 vide
491 3581 519 3632 p.
534 3567 585 3616 338
604 3563 661 3619 not.
677 3566 691 3615 1
712 3564 742 3618 et
759 3570 784 3618 2.

252 3639 279 3701 2)
298 3633 361 3687 vide
380 3652 406 3702 p.
423 3638 482 3687 342.

252 3707 279 3770 3)
299 3703 362 3758 vide
381 3723 407 3773 p.
424 3709 475 3757 342
494 3707 552 3759 not.
567 3710 592 3758 5.

251 3776 279 3845 4)
297 3775 360 3830 vide
379 3793 406 3843 p.
422 3781 482 3830 343.
516 3775 544 3830 O.
560 3777 580 3830 l.
596 3777 626 3830 L.
641 3775 711 3830 XIV.
727 3781 788 3830 413.

181 3917 221 3971 hl
253 3849 281 3915 ὅ)
301 3844 424 3915 ‘publice
439 3863 550 3916 quoqne
565 3847 669 3902 funeris
683 3849 828 3917 expeditus
844 3850 885 3903 est
899 3848 978 3902 ordo'
995 3847 1046 3900 lul.
1058 3849 1178 3917 Capitol.
1195 3867 1221 3905 v.
1233 3853 1333 3905 Anton.

161 3936 179 3986 p
201 3919 270 3972 Η.

252 3992 278 4058 6)
297 3989 363 4043 vide
381 3989 454 4043 infra
472 4009 499 4059 p.
515 3994 575 4044 338.

253 4063 280 4129 7)
299 4059 359 4114 Hoc
387 4077 486 4115 moneo
515 4078 577 4115 cum
605 4060 722 4116 viderim
748 4061 778 4116 in
801 4060 939 4116 indicibus
969 4063 1093 4132 corporis
1121 4063 1333 4132 inscriptionum

162 4131 324 4188 Latinarum
353 4132 495 4187 interdum
523 4133 586 4186 loca
611 4134 801 4202 sepulcrorum
826 4136 855 4188 et
878 4136 1121 4189 monumentorum
1147 4133 1260 4202 publica
1283 4134 1333 4187 sub

164 4202 271 4257 ‘funere
285 4203 410 4272 publico'
426 4204 520 4273 posita
534 4221 602 4270 esse,
617 4205 691 4271 qnod
702 4220 753 4272 ego
764 4204 877 4272 quidem
892 4223 949 4259 non
959 4221 992 4260 ex
1004 4205 1134 4275 opinione
1145 4205 1334 4260 Romanorum

162 4273 267 4327 factum
288 4291 347 4329 esse
366 4292 530 4344 persuasum
549 4273 648 4330 habeo.
685 4273 793 4345 Nempe
812 4275 858 4330 vix
878 4277 1079 4333 decernebatur
1092 4276 1174 4329 funus
1189 4275 1332 4344 publicum

163 4342 229 4410 quin
249 4345 361 4400 daretur
379 4345 491 4413 publice
510 4347 588 4401 locus
608 4347 777 4416 sepulturae,
797 4348 845 4401 sed
864 4349 942 4402 locus
961 4347 1120 4417 sepulturae
1135 4347 1263 4402 decretus
1277 4367 1332 4404 non

162 4415 270 4469 indicat
289 4415 375 4470 etiam
393 4416 476 4471 funus
495 4435 511 4471 a
530 4433 560 4471 re
579 4417 692 4487 publica
712 4421 879 4489 susceptum.
