3006 5152
491 309 532 365 De
551 309 646 366 funere
665 309 779 381 publico
798 311 995 364 Romanorum.

155 483 241 543 Adde
260 484 352 543 verba
371 500 448 558 quae
466 483 556 558 poete
573 480 632 557 ipsi
650 480 748 542 Druso
768 482 833 541 dat:

155 603 206 650 459
298 583 422 665 Ι0111801
439 589 599 666 Apollinea
617 589 754 648 victricia
771 591 909 664 tempora·
926 589 1011 646 lauro

346 681 377 737 et
396 679 476 737 sensi
494 679 650 754 exsequias
669 679 784 737 funeris
802 679 868 754 ipse
886 676 957 736 mei:

299 767 500 844 decursusque
519 768 617 828 virum
634 771 722 826 notos
741 767 815 824 mihi
833 767 969 842 donaque
987 785 1094 842 regum

345 859 484 932 victaque
502 877 556 932 per
574 857 680 916 titulos
699 856 808 932 oppida
826 857 905 914 lecta
923 874 1005 930 suos,

297 941 405 1023 etque
424 965 471 1005 me
491 945 587 1004 officio
606 946 772 1022 portaverit
790 945 844 1002 illa
862 945 1002 1005 iuventus

345 1054 421 1111 quae
440 1036 499 1094 fuit
517 1038 587 1094 ante
606 1055 705 1094 meum
724 1039 786 1094 tam
804 1052 951 1110 generosa
969 1037 1082 1108 t01·um;

156 1135 207 1184 465
298 1124 425 1199 denique
444 1124 562 1183 laudari
581 1127 696 1184 sacrato
716 1122 853 1183 Caesaris
873 1142 924 1183 ore

347 1214 460 1272 emerui
478 1213 616 1273 lacrimas
636 1213 782 1291 alicuique
801 1206 876 1272 dee'.

243 1355 388 1413 Videmus
411 1355 505 1431 igitur
529 1357 667 1432 Augusto
690 1374 750 1414 non
773 1355 904 1414 defuisse
928 1354 1096 1414 occasiones
1122 1355 1273 1414 excolendi
1297 1357 1327 1413 et

155 1443 355 1520 amplificandi
374 1445 501 1504 honores
520 1445 633 1504 funeris
652 1444 774 1520 publici.
811 1443 881 1502 Sine
900 1444 990 1503 dubio
1009 1445 1073 1520 ipse
1092 1445 1189 1503 multa
1211 1444 1326 1520 primus

154 1534 219 1593 fieri
237 1534 338 1609 iussit,
362 1535 398 1590 ut
417 1534 538 1594 Tacitus
557 1534 589 1592 in
607 1535 711 1592 funere
730 1533 821 1592 Drusi
845 1535 925 1592 recte
950 1533 1150 1612 distingueret
1172 1529 1291 1592 ‘cuncta
1310 1552 1328 1590 a

153 1623 318 1684 maioribus
336 1627 457 1698 reperta
475 1627 528 1682 aut
550 1641 627 1699 quae
649 1623 765 1700 posteri
787 1616 976 1683 invenerint’.
1014 1623 1076 1682 Neo
1101 1623 1235 1700 neglexit
1258 1626 1340 1681 ante·

153 1714 248 1789 ipsius
266 1715 395 1772 mortem
414 1713 598 1772 conscribere
612 1715 752 1772 uolumen
771 1707 841 1788 ‘quo
856 1713 999 1771 mandata
1012 1713 1048 1770 de
1063 1713 1168 1771 funere
1182 1732 1236 1772 suo
1252 1731 1327 1772 com-

48 1853 52 1862 .
155 1803 260 1877 plexus
280 1794 380 1882 est'.¹)
413 1801 501 1871 ¹Quod
522 1805 658 1861 senatum
677 1803 708 1858 in
728 1801 919 1860 decernendis
934 1801 1097 1860 honoribus
1113 1805 1249 1860 secutum
1263 1820 1328 1860 esse

155 1891 180 1949 si
199 1909 342 1965 ponemus
361 1910 420 1950 non
439 1891 621 1968 errabimus,
646 1891 718 1949 licet
735 1910 821 1950 nemo
840 1893 979 1948 testetur.
1016 1890 1117 1966 Atque
1129 1891 1227 1949 etiam
1246 1891 1329 1948 ultra

156 1980 287 2055 Augusti
301 1983 462 2055 praecepta
472 1984 593 2039 senatus
605 1998 782 2055 progressus
793 1981 852 2038 est:
869 1973 916 2037 terr
931 1971 1122 2058 (honoribus)
1138 1981 1189 2056 qui
1201 1980 1328 2037 maxime

155 2069 286 2143 insignes
305 2068 377 2144 visi,
399 2072 435 2127 ut
452 2072 540 2143 porta
557 2069 734 2144 triumphali
757 2070 917 2128 duceretur
940 2069 1043 2140 funus,
1072 2067 1178 2128 Gallus
1197 2069 1329 2143 Asinius,

95 2227 97 2236 Α
155 2158 190 2214 ut
199 2158 302 2233 legum
312 2158 444 2216 latarum
454 2157 545 2234 tituli,
555 2157 704 2216 victarum
714 2159 751 2216 ab
760 2176 794 2214 eo
802 2157 937 2234 gentium
945 2158 1091 2216 vocabula
1099 2157 1328 2233 anteferrentur,

155 2245 187 2306 L.
207 2245 370 2304 Arruntius
394 2265 535 2306 censuere
555 2289 673 2306 ······
693 2246 879 2304 conclamant
901 2249 1003 2320 patres
1029 2263 1136 2322 corpus
1159 2247 1198 2304 ad
1222 2265 1328 2322 rogum

154 2335 265 2395 umeris
285 2337 457 2395 senatorum
475 2336 640 2394 ferendum.
677 2335 805 2394 Remisit
819 2333 929 2394 Caesar
948 2335 1107 2410 adroganti
1125 2335 1328 2392 moderatione

155 2425 358 2502 populumque
378 2425 474 2484 edicto
495 2425 612 2484 monuit
630 2444 677 2503 ne,
695 2428 729 2482 ut
747 2425 897 2499 quondam
922 2424 1011 2482 nimis
1031 2423 1139 2482 studiis
1158 2424 1247 2482 funus
1268 2423 1329 2482 divi

154 2515 224 2572 Iulii
243 2515 427 2592 turbassent,
445 2515 488 2572 ita
506 2515 679 2590 Augustum
697 2515 728 2571 in
747 2515 812 2574 foro
831 2513 933 2588 potius
952 2533 1041 2589 quam
1056 2514 1088 2570 in
1102 2532 1207 2588 campo
1222 2512 1328 2570 Martis

156 2605 224 2662 sede
243 2603 395 2662 destinata
413 2603 538 2662 cremari
557 2604 677 2663 vellent.
719 2603 775 2662 Die
798 2603 911 2661 funeris
935 2603 1046 2661 milites
1070 2604 1154 2662 velut
1179 2601 1328 2677 praesidio

156 2684 321 2767 sterera'2)
359 2692 462 2750 Multis
487 2692 586 2752 verbis
610 2691 752 2750 describit
776 2691 831 2750 hoc
854 2691 1073 2766 amplissimum
1098 2693 1187 2749 funus
1207 2689 1328 2749 Cassius

148 2771 260 2860 Dici),
289 2781 340 2837 sed
365 2780 561 2855 suspicionem
583 2780 634 2840 vix
656 2780 823 2841 removebis
847 2780 972 2840 Dionem
995 2781 1072 2839 hanc
1100 2779 1329 2855 descriptionem

155 2869 261 2928 fecisse
281 2868 318 2927 ob
338 2869 438 2928 oculos
458 2869 618 2929 habentem
637 2871 727 2929 sunus
746 2869 912 2929 Pertinacis
932 2871 1011 2945 quod
1029 2871 1092 2945 ipse
1111 2861 1229 2946 vidit.⁴)

106 2967 108 2971 '
244 2957 375 3032 Augusti
394 2962 555 3034 praecepta
578 2959 613 3017 de
639 2960 742 3017 funere
767 2977 820 3018 suo
844 2962 875 3017 et
897 2963 1019 3018 senatus
1043 2960 1163 3017 decreta
1190 2959 1329 3017 videntur

155 3048 282 3122 posteris
309 3047 510 3122 imperatoriis
534 3047 690 3106 funeribus
714 3047 848 3122 exemplo
872 3047 974 3108 fuisse.
982 3039 1009 3128 ⁵)
1050 3047 1223 3105 Invenimus
1249 3047 1328 3122 apud

155 3136 316 3211 scriptores
335 3155 442 3196 nomen
462 3130 698 3212 ‘imperatorium
718 3127 865 3216 funus'.⁶)
901 3137 1068 3212 Descriptio
1092 3136 1206 3212 optima
1231 3139 1329 3193 exstat

131 3297 137 3310 .
155 3227 234 3300 apud
254 3225 390 3285 Cassium
406 3226 542 3300 Dionem,
562 3227 613 3302 qui
627 3226 725 3284 funeri
740 3225 918 3300 imaginario
933 3225 1140 3284 Pertinacis
1155 3225 1219 3300 ipse
1233 3225 1330 3282 adfuit

157 3315 283 3391 ideoque
302 3315 358 3373 hcc
376 3316 407 3373 in
425 3316 490 3374 loco
510 3315 702 3390 dignissimus
722 3317 769 3373 est
787 3314 835 3373 cui
853 3313 926 3373 fides
946 3315 1101 3374 habeatur.
1140 3314 1251 3372 Narrat
1273 3313 1329 3371 Dio
1418 3325 1425 3335 ·

246 3506 271 3570 1)
286 3497 367 3558 'Suet
387 3504 459 3572 Aug.
480 3507 528 3556 101
568 3500 643 3556 Cass.
663 3501 717 3556 Dio
737 3501 804 3571 epit.
825 3506 868 3558 56.
884 3508 925 3557 33.
943 3511 967 3556 1.

245 3575 273 3644 2)
290 3574 354 3630 Tac.
375 3591 438 3629 ann.
458 3574 509 3634 l,8
542 3573 576 3630 cf.
593 3574 669 3629 Suet.
688 3573 760 3643 Aug.
781 3579 832 3628 100
865 3573 941 3628 Cass.
962 3573 1133 3630 01011146.

245 3719 272 3783 4)
245 3688 391 3771 11411111
398 3717 485 3786 igitur
498 3687 575 3770 hanc
595 3717 733 3783 omittere,
753 3716 909 3771 exscribere
927 3716 1006 3770 illam
1025 3733 1110 3785 quam
1128 3733 1160 3770 ex
1175 3715 1238 3770 visu
1252 3717 1328 3772 fecit.

246 3789 272 3853 5)
291 3788 366 3841 0111
381 3789 434 3842 Dio
449 3793 491 3842 59.
506 3795 531 3842 3.
548 3795 562 3842 ΙΙ
581 3789 633 3841 τόν
651 3804 682 3841 τε
696 3757 883 3855 Τι’βέριον...
894 3793 978 3843 τῶν
1003 3790 1097 3842 αὐτῶν
1116 3796 1157 3858 τῳ
1178 3789 1328 3860 Αὐγούετῳ

156 3863 244 3930 τιμῶν
272 3860 347 3924 παρὰ
369 3864 419 3925 τῆς
444 3863 599 3926 βουλῆεξ
567 3861 682 3914 ἀξιώεαε
715 3865 757 3913 60
777 3864 819 3913 35
835 3865 850 3912 2
875 3829 1030 3930 (Claudius)
1054 3862 1134 3926 ἔτυχε
1158 3863 1188 3914 δὲ
1211 3863 1256 3913 καὶ
1279 3865 1329 3926 τῆ(

156 3925 249 3997 ταφῆς
267 3931 312 3981 καὶ
330 3933 388 3981 τῶν
409 3932 500 3984 ἄλλων
515 3933 587 3984 dcccv
602 3932 617 3984 ὁ
632 3931 796 3995 Αὔγουετοε
830 3931 895 3986 Tac
911 3948 973 3986 ann.
988 3931 1048 3987 XII.
1063 3937 1097 3985 69
1120 3930 1328 3999 ‘Caelestesque

157 4002 277 4056 honores
293 3998 409 4053 Claudio
424 4001 574 4055 decernunt
562 4005 608 4055 tur
622 4005 651 4056 11
663 4001 767 4055 funeris
783 4002 918 4056 sollemne
937 4002 1054 4071 perinde
1069 4019 1101 4056 ac
1115 4001 1186 4083 Divo
1201 4002 1328 4071 Augusto

158 4071 324 4127 celebratur
358 4070 445 4138 (Quae
465 4073 596 4126 secuntur
614 4073 700 4126 verba
721 4072 891 4126 ‘aemulante
911 4073 1067 4155 Agrippina
1085 4072 1217 4143 proaviae
1231 4072 1327 4126 Liviae

157 4141 407 4212 magnificentiam’
429 4158 495 4195 cave
513 4143 705 4211 interpreteris
728 4142 762 4196 de
787 4144 883 4198 funere
907 4145 1031 4213 privato,
1054 4163 1119 4198 narn
1143 4146 1186 4197 ἐπὶ
1209 4146 1258 4202 ιιὲν
1277 4146 1328 4197 οὖν

157 4215 306 4284 Αὐγούετῳ
333 4217 455 4266 rocellae
482 4215 557 4281 λόγῳ
586 4216 635 4279 μὲν
662 4215 717 4267 ὑπὸ
744 4219 796 4282 τῆς
822 4215 965 4283 γερουείαε
993 4218 1067 4284 ἔργῳ
1092 4218 1122 4269 δὲ
1145 4217 1199 4268 ὑπό
1222 4232 1254 4268 τε
1277 4221 1328 4268 τοῦ

157 4287 282 4354 Τιβερίου
307 4287 351 4338 καὶ
374 4288 425 4351 τῆ(
448 4283 558 4338 Λιουίας
578 4284 708 4364 tropicon
742 4285 1031 4356 sassinatem.)
1071 4286 1146 4340 Suet
1171 4285 1268 4340 Claud
1293 4292 1327 4340 45

160 4357 325 4412 Ι1111111111
332 4359 377 4410 111
396 4353 524 4409 sollemni
543 4353 700 4424 principum
719 4358 843 4424 pompa'.
881 4356 955 4410 Otho
974 4359 1068 4410 autem
1090 4357 1243 4425 ‘celerite1,
1263 4375 1327 4412 nam

159 4425 916 4498 1111111111111111,1ι111111111111’0111011101]

247 4501 274 4570 6)
247 4499 357 4556 eride
376 4498 450 4552 infra
468 4517 493 4568 p.
509 4504 569 4553 344.
