3006 5152
593 279 749 338 Fridericus
768 278 907 339 Vollmer:

305 452 362 514 Per
381 473 456 530 quae
476 453 583 514 deletis
603 455 766 515 Raetorum
788 456 911 515 venerat
930 453 1029 530 armis,

354 545 381 603 ei
400 543 481 617 mihi,
502 563 591 620 quam
612 544 713 620 dispar
731 544 801 602 huic
820 543 878 603 suit
896 543 971 602 illud
990 544 1055 602 iter.

307 633 418 692 Consul
436 633 494 691 init
511 625 650 712 fractis¹)
670 636 853 692 maerentem
872 633 1002 692 fascibus
1022 634 1141 692 urbem:

354 723 426 798 quid
444 722 558 781 faceret
576 722 683 798 victus,
703 723 745 781 sic
764 722 817 780 ubi
835 722 932 782 victor
949 721 1026 780 init?

308 813 424 870 Maesta
442 812 547 870 domus
566 812 711 887 plangore
731 814 826 886 sonat,
844 811 915 887 quoi
933 811 1024 888 figere
1044 811 1141 869 laetus

349 903 437 976 parta
456 919 511 960 sua
529 900 666 959 dominus
685 903 809 960 voverat
828 919 912 958 arma
929 919 1029 958 mauu.

306 989 386 1048 Urbs
404 991 499 1066 gemit
517 993 548 1048 et
566 991 682 1049 voltum
700 989 880 1056 miserabilis
898 989 996 1047 induit
1014 1007 1118 1046 unum:

355 1079 496 1154 gentibus
516 1079 649 1139 adversis
670 1078 765 1137 forma
784 1079 824 1136 sit
842 1078 895 1136 illa
913 1097 1025 1154 precor.

307 1167 418 1226 Incerti
437 1168 638 1243 clauduntque
658 1166 761 1226 domos
781 1167 1000 1242 strepitantque
1019 1186 1073 1240 per
1091 1167 1198 1225 urbem

356 1257 404 1314 hic
422 1257 484 1315 illic
503 1257 604 1332 pavidi
623 1257 758 1331 clamque
778 1257 936 1334 palamque
956 1256 1066 1314 dolent.

307 1346 378 1404 Iura
397 1346 487 1404 silent
506 1347 666 1421 mutaeque
685 1348 787 1403 tacent
806 1345 869 1403 sine
887 1345 1003 1404 vindice
1022 1345 1113 1422 leges

357 1434 501 1509 aspicitur
519 1437 584 1493 toto
603 1453 737 1509 purpura
755 1434 840 1492 nulla
858 1425 965 1512 foro.²)

308 1523 405 1598 Dique
424 1525 521 1581 latent
539 1524 660 1598 templis
680 1542 776 1598 neque
794 1523 898 1600 iniqua
916 1523 952 1581 ad
972 1522 1079 1580 funera
1097 1522 1197 1581 voltus

356 1613 501 1687 praebent
519 1630 574 1670 nec
592 1615 720 1686 poscunt
738 1614 809 1669 tura
826 1612 949 1671 ferenda
968 1604 1074 1688 foco.³)

308 1699 457 1760 Obscuros
477 1701 603 1759 delubra
621 1703 738 1776 teuent3
756 1701 851 1775 pudet
869 1719 921 1760 ora
939 1702 1088 1760 colentum

169 1803 219 1849 190
354 1791 486 1864 aspicere
505 1789 635 1850 invidiae
654 1809 743 1865 quam
762 1791 898 1849 merue're
917 1782 1020 1849 metu?

168 1880 260 1938 Porro
278 1899 305 1938 v.
322 1882 383 1938 199

310 1962 418 2027 ‘Obvia
436 1968 526 2026 turba
544 1967 607 2026 ruit
625 1967 816 2044 lacrimisque
835 1967 1004 2044 rigantibus
1023 1987 1075 2026 ora

165 2069 218 2116 206
352 2057 482 2116 consulis
502 2057 598 2132 erepti
615 2057 738 2132 publica
756 2058 865 2116 damna
882 2057 985 2117 refert.

307 2145 452 2204 Omnibus
471 2147 550 2204 idem
569 2146 654 2218 oculi,
674 2164 729 2220 par
747 2149 794 2204 est
812 2146 970 2206 concordia
988 2146 1091 2222 flendi,

356 2227 470 2293 funeris
489 2235 635 2310 exsequiis
655 2236 796 2293 adsumus
816 2237 911 2294 omnis
935 2254 1039 2312 eques,

309 2325 404 2384 omnis
424 2326 510 2383 adest
528 2327 625 2398 aetas,
645 2328 779 2383 maerent
796 2325 979 2400 iuvenesque
998 2342 1143 2399 senesque

358 2414 508 2472 Ausoniae
527 2416 639 2472 matres
659 2413 868 2490 Ausoniaeque
886 2433 988 2473 66166.

308 2502 506 2577 Auctorisque
527 2502 573 2560 sui
591 2502 761 2577 praefertur
779 2503 909 2579 imagine
928 2506 1044 2562 maesta

359 2611 434 2668 quae
454 2591 560 2650 victrix
578 2591 700 2666 templis
720 2591 822 2650 debita
840 2593 943 2652 laurus
964 2597 1036 2651 erat.

309 2679 413 2739 Uertat
431 2700 504 2740 onus
523 2680 595 2740 lecti
613 2699 760 2757 generosa
779 2681 880 2740 subire
898 2683 1037 2741 iuventus

357 2773 388 2828 et
407 2769 508 2828 studet
527 2769 623 2828 officio
644 2771 749 2828 sedula
768 2771 847 2830 colla
866 2771 944 2830 dare.

310 2860 349 2917 llt
367 2878 438 2918 voce
458 2863 489 2916 et
506 2857 637 2916 lacrimis
656 2858 786 2918 laudasti
806 2858 917 2918 Caesar
936 2861 1091 2918 alumnum

167 2959 219 3006 210
353 2948 453 3007 1116116
471 2967 538 3006 cum
558 2948 673 3006 medius
691 2952 845 3024 rumperet
864 2967 932 3008 orsa
951 2950 1036 3007 dolor
1055 2994 1150 3007 .....

167 3047 218 3095 211
311 3038 513 3114 Armataeque
532 3055 639 3112 rogum
658 3038 812 3097 celebrant
830 3038 867 3097 de
885 3059 967 3098 more
987 3039 1135 3097 cohortes:

357 3127 419 3186 Has
438 3127 530 3202 pedes
549 3126 705 3203 exsequias
725 3127 824 3186 reddit
843 3147 991 3204 equesque
1011 3126 1087 3184 duci.

311 3216 353 3274 Te
373 3217 500 3275 clamore
518 3218 627 3277 vocant
644 3214 814 3293 iterumque
834 3215 1003 3294 iterumque
1023 3235 1162 3291 supremo

167 3316 219 3364 226
354 3323 389 3364 ac
407 3324 464 3366 vox
483 3304 617 3365 adversis
637 3304 764 3364 collibus
782 3305 843 3364 icta
861 3305 940 3364 redit
960 3352 1055 3365 .....

167 3405 219 3452 233
309 3393 445 3453 Flamma
463 3395 514 3452 diu
533 3396 672 3454 cunctata
690 3397 782 3471 caput
800 3396 972 3471 contingere
992 3398 1126 3455 sanctum

357 3485 470 3544 erravit
487 3485 586 3561 posito
605 3484 688 3542 lenta
708 3485 764 3543 sub
783 3502 877 3560 usque
894 3487 961 3544 toro
982 3529 1076 3543 .....

167 3583 218 3632 239
311 3572 410 3632 Stabis
431 3576 461 3632 et
479 3574 509 3631 in
527 3573 633 3633 rostris
653 3572 737 3632 tituli
756 3573 906 3650 speciosus
926 3574 1037 3633 honore

358 3681 508 3739 causaque
527 3662 660 3722 dicemur
678 3681 732 3722 nos
751 3661 808 3721 tibi
827 3662 923 3722 Druse
941 3655 1042 3723 necis'

168 3775 381 3782 ——-—-...—

257 3835 284 3902 1)
304 3829 474 3902 Magistratu
492 3835 602 3888 mortuo
621 3833 712 3887 fasces
734 3831 947 3902 proferebantur
965 3831 1069 3888 inversi
1088 3831 1166 3901 (Tac.
1181 3847 1245 3888 aun.
1260 3833 1338 3888 1112

168 3906 244 3960 Serv.
265 3903 300 3958 ad
320 3907 387 3958 Aen.
408 3903 455 3958 XI.
471 3907 532 3973 93),
552 3921 598 3960 eos
616 3904 710 3975 frangi
728 3923 812 3959 nemo
830 3907 900 3974 puto
920 3904 1041 3973 scriptor
1059 3904 1190 3975 antiquos
1209 3907 1339 3960 testatur.

169 3975 288 4031 ‘Fractis
306 3974 441 4030 fascibus'
463 3976 659 4045 coniungenda
676 3977 764 4046 igitur
782 3979 848 4030 sunt
865 3977 1003 4031 vocabula
1016 3993 1080 4030 cum
1100 3975 1293 4032 ‘maerentem’
1312 3976 1340 4026 et

168 4047 380 4118 interpretanda
399 4047 508 4102 ‘urbem
526 4048 1055 4117 1666616601)616116661606161661’,
1075 4052 1107 4103 ut
1127 4047 1246 4102 ‘fractis'
1265 4044 1338 4112 quod

169 4120 273 4174 dicitur
291 4120 326 4173 de
344 4120 434 4174 morte
452 4119 573 4173 hominis
592 4119 777 4172 transferatur
795 4120 831 4172 ad
849 4119 1011 4188 imaginem.

257 4192 283 4259 2)
303 4189 368 4245 vide
387 4209 413 4260 p.
429 4197 481 4245 339
500 4192 558 4245 not.
573 4194 597 4242 4.

257 4265 285 4332 3)
306 4261 406 4331 ‘rogo'
427 4261 471 4317 ed.
490 4263 569 4315 Rom.
607 4259 771 4315 Baehrensii
800 4261 990 4318 coniecturam
1017 4261 1111 4330 recepi
1133 4259 1202 4313 licet
1223 4258 1338 4314 minime

168 4335 247 4388 certa
265 4334 310 4400 611,
330 4351 391 4388 cum
412 4334 495 4387 foeda
513 4331 694 4402 interpolatio
714 4333 832 4388 alicuius
850 4334 924 4402 Itali,
944 4335 992 4404 qni
1009 4335 1102 4387 locum
1120 4331 1205 4400 plane
1224 4349 1280 4386 non
1297 4333 1338 4385 in-

167 4405 291 4530 tenliffiqit,
317 4405 442 4474 potuerit
459 4404 521 4458 loco
541 4413 653 4458 movere
671 4405 826 4472 quodlubet
843 4405 1011 4460 vocabulum
1034 4401 1218 4474 bissyllabum
1238 4421 1280 4459 ex.
1299 4421 1340 4474 gr.
