3006 5152
468 1279 494 1340 1.
522 1237 628 1337 Moris
649 1279 742 1350 origo
765 1284 800 1336 et
822 1280 971 1337 historia.

222 1435 324 1498 Honos
340 1437 453 1496 funeris
467 1430 613 1518 publici¹)
627 1437 773 1513 originem
789 1439 870 1496 ducit
883 1438 1011 1514 primam
1026 1457 1044 1496 a
1059 1439 1157 1497 studio
1168 1440 1304 1498 veterum

139 1531 168 1587 et
185 1528 383 1585 recentiorum
402 1528 580 1603 populorum
600 1527 748 1586 communi
767 1546 856 1603 quam
875 1527 1050 1602 dignissime
1069 1527 1183 1586 colendi
1202 1547 1304 1587 manes

137 1620 166 1675 61
183 1617 356 1676 memoriam
377 1616 506 1675 hominis
529 1616 605 1675 bene
629 1617 735 1676 meriti.
779 1615 866 1686 Quod
890 1617 1022 1676 studium
1047 1618 1126 1693 apud
1146 1617 1304 1695 Romanos,

136 1724 259 1780 quorum
278 1706 432 1782 religionis
450 1707 589 1782 propriae
608 1724 678 1781 pars
697 1705 827 1765 maxima
844 1706 944 1782 posita
959 1707 1049 1765 estin
1064 1705 1205 1765 familiari
1220 1709 1304 1766 cultu

134 1795 245 1853 Larum
272 1795 431 1855 Penatium
455 1794 602 1870 Manium,
629 1795 769 1870 genuisse
797 1814 869 1854 usus
899 1813 1056 1872 moresque
1083 1798 1249 1871 permultos
1275 1801 1305 1855 et

135 1884 233 1945 varios
253 1885 365 1944 sivein
384 1883 522 1943 curandis
541 1883 603 1944 sive
622 1884 653 1943 in
672 1883 828 1943 efferendis
848 1887 878 1943 et
898 1885 1075 1960 sepeliendis
1096 1885 1223 1944 mortuis
1242 1885 1304 1944 sive

134 1975 163 2031 in
182 1973 312 2033 colendis
331 1973 390 2031 iam
414 1973 540 2049 sepultis
563 1972 754 2032 notissimum
774 1977 828 2032 est.
867 1973 1019 2043 Quatenus
1045 1974 1188 2033 sedulitas
1212 1977 1243 2032 61
1261 1976 1304 2032 16-

133 2062 250 2121 dustria
268 2063 411 2138 religiosa
429 2063 460 2120 in
474 2063 521 2120 his
535 2063 624 2121 rebus
639 2063 698 2122 iam
714 2061 930 2138 antiquissimis
944 2063 1129 2138 temporibus
1144 2083 1305 2140 progressa

135 2153 182 2228 sit,
197 2151 307 2226 optime
321 2151 493 2210 illustratur
502 2169 536 2209 eo
546 2151 625 2227 quod
638 2153 721 2228 leges
734 2151 850 2227 primae
865 2153 1068 2226 sumptuariae
1082 2155 1188 2211 vetant
1201 2153 1304 2210 luxum

133 2241 259 2299 nimium
277 2239 351 2315 ipsis
369 2241 399 2298 in
418 2239 572 2298 funeribus
591 2233 820 2320 manifestari.²)
858 2241 1002 2299 Familiae
1027 2241 1121 2315 igitur
1144 2260 1210 2299 cum
1235 2228 1304 2299 6611-

42 2375 61 2410 1
133 2330 253 2404 gionem
271 2332 337 2388 tum
356 2329 475 2390 divitias
495 2329 526 2388 in
549 2329 704 2388 funeribus
728 2349 800 2405 prae
824 2349 855 2388 se
879 2331 957 2388 ferre
980 2330 1150 2406 gestiebant
1173 2329 1246 2388 adeo
1270 2333 1305 2388 61

42 2425 59 2480 ‘.²
133 2419 332 2494 reipublicae
352 2419 443 2478 saluti
461 2419 529 2477 inde
548 2419 700 2478 uideretur
720 2419 860 2478 damnum
879 2419 1030 2478 existere.
1051 2419 1187 2494 Apparet
1207 2419 1238 2477 in
1257 2419 1304 2477 bis

41 2526 58 2589 ς,
132 2507 345 2566 certaminibus
363 2508 472 2566 merita
490 2511 520 2566 61
539 2511 677 2583 sumptus
695 2527 755 2567 non
781 2527 897 2584 semper
920 2510 1085 2586 exaequata
1109 2527 1181 2568 esse.
1218 2507 1304 2568 Cives

224 2713 250 2776 1)
269 2710 311 2762 De
329 2711 425 2762 funere
446 2711 632 2764 Romanorum
656 2710 770 2779 publico
789 2710 838 2777 qui
856 2709 993 2779 peculiari
1012 2713 1101 2781 egerit
1123 2711 1221 2766 libello
1240 2713 1306 2770 novi

133 2780 282 2835 neminem.
330 2779 526 2848 copiosissime
554 2781 645 2836 adhuc
673 2798 733 2835 rem
764 2780 899 2836 tractavit
925 2781 969 2837 Io.
998 2783 1247 2838 Kirchmannus
1275 2785 1305 2837 in

132 2850 214 2906 libris
224 2850 262 2904 IV
277 2851 311 2904 de
326 2849 468 2906 funeribus
478 2852 668 2908 Romanorum
683 2855 758 2922 (utor
767 2853 833 2908 edit.
845 2851 892 2906 lV.
907 2853 1083 2908 francofurti
1095 2857 1182 2924 1672).
1207 2857 1305 2923 Neque

42 2911 48 2966 ἶ
132 2940 200 2977 uero
218 2923 267 2976 ille
286 2923 329 2976 vir
347 2924 476 2978 strenuus
493 2940 584 2992 neque
599 2923 857 2992 Marquardtius
872 2925 901 2977 in
916 2925 977 2978 vita
990 2925 1180 2979 Romanorum
1194 2927 1306 2995 privata

42 3057 45 3063 ¹
132 2994 177 3064 (1²
196 3013 223 3063 p.
239 2999 290 3048 345
299 2996 371 3062 sqq.)
399 3011 454 3062 qua
482 3011 551 3063 opus
576 2997 619 3048 est
642 2987 790 3061 diligentia
813 2995 973 3062 segregavit
999 2994 1082 3048 funus
1110 2997 1252 3064 privatum
1276 3000 1305 3051 et

129 3065 283 3134 publicum.
316 3063 457 3120 Libellum
471 3063 702 3134 francogallicnm
715 3063 900 3118 Audiberti
916 3064 1089 3118 ‘funerailles
1104 3068 1134 3120 et
1148 3067 1302 3135 sepultores

131 3137 167 3191 de
182 3138 210 3191 16
220 3137 309 3191 Rome
343 3137 460 3206 ayenne'
477 3135 555 3192 Paris
567 3142 634 3191 res-5
649 3137 682 3190 ut
695 3134 862 3204 inspicerem
877 3135 947 3189 mihi
960 3152 1017 3190 666
1031 3137 1157 3207 contigit.
1186 3137 1306 3192 Materia

130 3208 221 3277 igitur
238 3155 391 3263 admodum
410 3209 536 3277 dispersa
553 3208 623 3264 mihi
642 3209 704 3262 erat
722 3206 893 3277 colligenda3
917 3207 1034 3277 proinde
1060 3210 1170 3264 veniam
1193 3209 1255 3278 dee,
1282 3210 1305 3263 ei

130 3279 271 3334 inveneris
298 3279 433 3336 nonnulla
459 3297 503 3334 me
530 3280 644 3349 fugisse.
665 3279 869 3333 -Occasione
898 3279 965 3334 data
992 3296 1092 3334 moneo
1119 3280 1247 3336 libellum
1271 3281 1305 3335 de

131 3350 289 3417 funeribus,
320 3351 432 3420 qualem
457 3368 498 3406 ex.
518 3369 559 3422 gr.
578 3352 612 3407 de
636 3350 864 3421 praenominibus
888 3351 1036 3419 habemus,
1064 3351 1173 3406 nullum
1196 3354 1305 3408 exstare

130 3421 206 3475 inter
224 3421 326 3477 rudera
344 3422 396 3476 1116
413 3423 572 3478 litterarum
586 3422 786 3490 Romanarum,
805 3437 877 3490 quae
896 3420 932 3477 ad
950 3438 1002 3476 666
1018 3427 1212 3490 pervenerunt.
1246 3424 1304 3480 Nec

130 3491 245 3546 videtur
268 3510 285 3547 a
308 3493 404 3548 multis
431 3494 543 3549 uberius
571 3493 649 3548 16666
677 3494 815 3547 tractatus
844 3510 912 3548 esee.
959 3493 1086 3548 Conicias
1112 3494 1141 3548 L.
1162 3495 1305 3550 AELIVM

136 3563 323 3618 STILONEM
337 3565 367 3619 in
381 3565 596 3622 commentanda
605 3565 638 3620 X.
654 3565 748 3619 decem
762 3563 885 3619 virorum
899 3564 997 3618 tabula
1011 3565 1146 3619 66666116
1156 3566 1305 3622 adnotasse

136 3635 171 3688 de
191 3633 248 3689 ritu
265 3635 402 3706 funerum,
422 3641 528 3693 certum
546 3637 657 3692 videtur
670 3635 876 3690 VARRONEM
890 3635 919 3690 16
934 3635 1135 3704 antiquitatum
1153 3637 1232 3691 libris
1247 3637 1265 3693 i.
1281 3657 1304 3692 e.

134 3705 167 3756 in
181 3722 273 3760 rerum
288 3707 446 3762 divinarum
459 3708 550 3780 (libris
561 3715 664 3762 11-13
678 3709 712 3762 de
723 3707 819 3778 666616)
834 3707 990 3763 collocandi
1005 3706 1138 3761 efferendi
1152 3709 1306 3778 sepeliendi

135 3780 289 3845 praecepta
298 3778 472 3848 pontificalia
481 3784 609 3836 accurate
620 3779 817 3849 composuisse,
833 3778 983 3833 dilucidius
992 3778 1111 3832 fortasse
1122 3781 1151 3832 61
1160 3782 1193 3833 61
1206 3782 1306 3834 melius

136 3845 228 3900 oculis
252 3854 427 3906 occurrerent
449 3851 478 3905 in
500 3851 574 3907 libro
592 3851 625 3904 ΙΙ.
650 3852 684 3905 de
708 3850 768 3904 vita
789 3848 888 3920 populi
910 3849 1029 3904 Romani
1051 3866 1094 3904 res
1118 3851 1305 3921 descripsisse.

135 3916 264 3972 Varrone
282 3921 458 3988 potissimum
477 3925 590 3977 auctore
609 3923 703 3993 potuit
720 3937 805 3992 agere
823 3922 857 3976 de
876 3922 972 3976 funere
991 3919 1306 3988 Ι11ΒΑ161μοιότηειν.

135 3988 255 4043 Nullum
273 3991 368 4044 autem
387 3993 421 4045 de
439 3994 535 4048 funere
557 3993 661 4049 nedum
684 3994 719 4047 de
742 3992 838 4047 funere
884 3991 976 4048 ablico
999 3992 1190 4048 testimonium
1213 3994 1307 4063 potest

136 4062 217 4116 certo
236 4062 360 4116 revocari
374 4063 410 4116 ad
423 4065 475 4118 hos
489 4066 577 4133 viros3
597 4063 738 4121 occasioni
752 4067 781 4118 et
796 4063 850 4118 lice
886 4063 929 4118 'ae
942 4064 1138 4119 historicorum
1153 4067 1202 4118 aut
1215 4064 1306 4118 titulis

136 4132 274 4186 debemus
289 4132 422 4202 quicquid
431 4133 475 4188 hir
485 4135 515 4187 16
523 4137 605 4191 rebus
614 4136 715 4192 scimus
730 4139 759 4190 et
769 4151 803 4189 ex
813 4135 930 4206 singulis
943 4135 1095 4190 secundum
1106 4136 1305 4205 descriptiones

133 4203 250 4272 Polybii
268 4204 359 4260 Cassii
375 4204 529 4259 Herodiani
548 4208 756 4277 componendae
775 4212 839 4262 sunt
857 4207 993 4276 imagines
1012 4223 1178 4276 pomparum
1197 4207 1305 4260 61666-

135 4275 306 4344 glutinanda
324 4275 442 4330 historia
460 4279 489 4330 et
507 4279 664 4348 progressio
683 4278 768 4333 moris
788 4277 1014 4347 splendidissimi.

145 4395 157 4416 ,
228 4350 256 4418 2)
276 4346 316 4403 cf.
336 4346 522 4418 Marquardtii
535 4349 583 4402 vit.
598 4347 670 4417 priv.
684 4347 714 4399 1¹
728 4367 755 4416 p.
770 4355 831 4405 341.
865 4350 953 4402 Doleo
967 4350 1043 4415 quod
1056 4347 1170 4402 libellus
1185 4349 1306 4419 scriptus

136 4417 174 4470 ab
194 4419 225 4473 E.
241 4419 390 4474 Lobatut
417 4419 468 4475 ‘les
491 4418 653 4474 funerailles
677 4419 743 4474 chez
765 4421 807 4472 166
831 4419 972 4474 Romains.
1014 4417 1113 4473 L'lldit
1136 4423 1164 4474 et
1187 4421 1229 4475 les
1254 4421 1305 4474 lois

135 4487 337 4556 sumptuaires'
358 4491 520 4547 Paris18'18
539 4491 609 4546 mihi
627 4507 682 4545 non
701 4493 814 4560 praesto
832 4491 886 4544 fuit

194 4587 273 4630 Jahrb.
286 4591 302 4630 f.
317 4592 383 4632 class.
397 4591 481 4634 Philol.
513 4591 591 4640 snppl.
605 4591 646 4632 Bd.
657 4591 721 4630 XIX.
1059 4587 1092 4636 21

644 4750 852 4837 ‘ZslssOl
