3006 5152
506 273 547 328 De
566 274 662 327 sunere
681 271 793 340 publico
811 271 1007 325 Romanorum.
1280 268 1347 333 345

174 444 258 504 telet
271 443 330 502 nisi
340 443 558 518 amplissimum
572 444 663 502 funus
673 435 697 522 ¹)
712 443 799 519 quale
810 439 1041 516 imperatoribus
1054 439 1127 514 ipsis
1142 439 1209 497 duci
1220 439 1346 498 solebat.

176 531 258 602 Quae
279 533 334 592 hoc
352 532 470 592 nomine
485 532 681 608 designantur
699 532 805 590 funera
820 533 905 589 erant
920 531 1040 588 decreta
1055 547 1073 587 a
1087 530 1194 587 senatu
1213 528 1231 588 i.
1251 548 1275 587 e.
1294 549 1346 604 pu-

174 621 260 696 blica,
280 640 335 680 nec
353 624 454 680 tamen
472 615 650 680 ‘censorium
669 622 758 680 funus
779 620 859 678 idern
879 622 925 678 est
948 637 982 678 ac
1006 618 1096 676 funus
1115 609 1290 695 publicum',
1313 620 1348 676 ut

174 711 271 769 voluit
289 709 430 770 Blochius
449 712 467 769 l.
482 711 500 770 l.
516 732 543 787 p.
559 712 610 771 39.

603 963 664 1022 IX.
696 965 917 1022 Documenta.

556 1103 738 1164 Decreta
765 1102 966 1162 ordinum.

748 1245 774 1305 Ι.

268 1372 328 1430 Cic.
352 1375 427 1431 orat.
453 1372 582 1448 Philipp.
601 1371 652 1430 IX.
674 1374 691 1430 7
718 1365 811 1441 ‘Quas
835 1371 873 1430 ob
892 1389 941 1430 111
960 1371 1003 1429 ita
1026 1387 1146 1429 censeo:
1171 1367 1266 1438 Quom
1287 1368 1348 1427 Ser.

177 1460 326 1537 Sulpicius
360 1460 393 1530 Q.
418 1463 437 1520 f.
461 1461 604 1521 Lemonia
631 1461 727 1520 Rufus
760 1459 937 1519 difficillimo
969 1458 1013 1518 rei
1044 1459 1183 1535 publicae
1216 1460 1350 1532 ternpore

176 1551 264 1627 gravi
282 1551 508 1626 periculosoque
528 1551 632 1610 morbo
652 1551 787 1610 adfectus
802 1550 1012 1608 auctoritatem
1027 1550 1149 1608 senatus
1165 1548 1293 1606 salutem
1307 1547 1350 1605 rei

173 1639 312 1716 publicae
331 1640 410 1699 vitae
430 1659 502 1700 suae
515 1640 725 1717 praeposuerit
744 1642 907 1715 contraque
921 1639 983 1700 vim
999 1638 1240 1716 gravitatemque
1253 1636 1350 1695 morbi

174 1729 372 1802 contenderit,
397 1729 481 1788 utin
499 1732 597 1790 castra
616 1729 754 1807 Antonii,
779 1747 838 1804 quo
859 1729 980 1787 senatus
1000 1747 1068 1786 eum
1086 1727 1225 1804 miserat,
1248 1745 1350 1802 perve-

173 1819 253 1878 niret
267 1817 360 1895 isque,
375 1837 464 1895 quom
478 1818 539 1878 11111
552 1837 645 1896 prope
660 1821 758 1878 eastra
771 1817 911 1896 venisset,
925 1818 956 1878 vi
970 1817 1067 1876 morbi
1081 1834 1242 1896 oppressus
1256 1815 1350 1876 ritem

174 1907 309 1966 amiserit
327 1907 359 1965 in
376 1908 505 1967 maximo
524 1908 723 1984 reipublicae
748 1927 881 1985 munere,
906 1906 1030 1983 eiusque
1048 1925 1129 1966 mors
1152 1907 1351 1966 consentanea

173 1997 254 2056 vitae
272 1996 365 2055 fuerit
383 1997 571 2058 sanctissime
590 1997 858 2074 honestissimeque
877 1999 977 2070 actae,
1002 1996 1034 2055 in
1057 2015 1116 2072 qua
1134 2014 1223 2072 saepe
1241 2013 1351 2072 magno

174 2085 243 2144 usui
261 2085 306 2144 rei
323 2085 460 2160 publicae
475 2087 538 2147 Ser.
553 2087 702 2162 Sulpicius
718 2090 749 2146 et
763 2086 900 2162 privatus
914 2086 989 2145 etin
1003 2085 1232 2162 magistratibus
1246 2083 1350 2144 fuerit:

175 2195 265 2252 quom
284 2173 355 2233 telis
374 2175 420 2234 vir
439 2175 476 2234 ob
495 2194 559 2235 rem
573 2175 724 2252 publicam
742 2176 773 2234 in
787 2176 938 2252 legatione
956 2177 1084 2234 mortem
1098 2174 1215 2251 obierit,
1234 2175 1352 2234 senatui

176 2265 296 2340 placere
315 2262 377 2322 Ser.
396 2263 527 2339 Sulpicio
546 2267 679 2324 statuam
701 2265 869 2340 pedestrem
890 2283 1013 2324 aeneam
1031 2263 1063 2322 in
1081 2263 1188 2324 rostris
1207 2283 1243 2323 ex
1262 2263 1350 2323 huius

176 2352 289 2412 ordinis
309 2354 459 2413 sententia
478 2354 571 2414 statui
590 2354 759 2431 circumque
779 2373 844 2413 eam
866 2355 1000 2414 statuam
1018 2355 1115 2412 locum
1134 2353 1214 2413 ludis
1234 2353 1347 2429 gladia·

174 2441 352 2518 toribusque
380 2443 491 2503 liberos
520 2446 717 2520 posterosque
749 2444 814 2503 eius
842 2462 1065 2520 quoquoversus
1097 2443 1188 2519 pedes
1221 2443 1351 2520 quinque

178 2531 298 2605 habere,
318 2532 396 2607 quod
415 2533 493 2592 isob
511 2532 738 2609 rempublicam
758 2535 885 2593 mortem
904 2533 1020 2612 obierit,
1039 2551 1163 2609 eamque
1182 2551 1302 2592 causam
1320 2532 1351 2590 in

176 2620 241 2680 basi
265 2621 396 2698 inscribi,
419 2621 523 2698 utique
543 2621 574 2682 O.
594 2622 693 2682 Pansa
710 2623 746 2683 A.
766 2622 885 2682 Hirtius
909 2623 1045 2682 consules
1071 2623 1149 2682 alter
1167 2622 1301 2696 ambove,
1326 2623 1349 2681 si

175 2710 212 2767 iis
231 2708 378 2782 videatur,
397 2710 606 2784 quaestoribus
624 2711 708 2770 urbis
727 2712 883 2790 imperent,
901 2715 938 2771 ut
956 2731 1022 2771 earn
1041 2711 1139 2771 basim
1158 2714 1347 2790 statuamque

175 2797 342 2856 faciendam
362 2801 393 2857 et
411 2799 442 2856 in
461 2800 566 2859 rostris
586 2801 777 2860 statuendam
795 2801 904 2877 locent,
923 2802 1086 2877 quantique
1102 2801 1267 2862 locaverint
1285 2803 1346 2859 tan·

176 2891 238 2945 tam
247 2887 404 2962 pecuniam
411 2889 593 2965 redemptori
603 2890 826 2950 attribuendam
834 2891 1065 2966 solvendamque
1075 2893 1192 2966 curent;
1202 2910 1351 2967 quomque

178 2980 268 3035 11111
286 2979 408 3035 1111111
428 2978 640 3037 auctoritatem
659 2997 743 3038 suam
762 2980 793 3036 in
808 2979 941 3038 virorum
959 2979 1083 3037 fortium
1097 2979 1251 3038 funeribus
1267 3000 1352 3040 orna-

177 3066 343 3141 mentisque
363 3066 536 3137 0stenderit,
555 3068 673 3143 placere
688 3089 755 3132 eum
770 3087 859 3144 quam
874 3068 1067 3144 amplissume
1082 3087 1220 3143 supremo
1235 3087 1288 3128 suo
1304 3070 1351 3128 die

178 3156 283 3228 efferri,
304 3158 335 3214 et
353 3175 443 3231 quom
459 3155 522 3217 Ser.
542 3155 690 3232 Sulpicius
710 3156 936 3226 artemonis
954 3155 1051 3216 Rufus
1069 3157 1113 3216 ita
1127 3157 1164 3216 de
1178 3177 1211 3216 re
1229 3158 1351 3234 publica

178 3244 302 3302 meritus
322 3245 371 3320 sit,
390 3248 424 3303 ut
439 3246 473 3305 111
488 3247 671 3306 ornamentis
691 3247 824 3307 decorari
839 3246 955 3324 debeat,
974 3250 1110 3306 senatum
1125 3265 1247 3306 censere
1261 3251 1350 3323 atque

178 3352 194 3391 1
213 3352 245 3391 11
265 3332 385 3408 publica
403 3334 574 3394 existimare
594 3335 704 3396 aediles
730 3336 848 3396 curules
873 3336 1010 3413 edictum,
1034 3337 1112 3412 quod
1137 3336 1173 3396 de
1196 3336 1351 3396 funeribus

177 3423 307 3482 habeant
315 3415 350 3503 ¹),
369 3421 432 3483 Ser.
452 3423 577 3499 Sulpicii
597 3423 630 3494 Q.
650 3426 669 3483 f.
689 3425 833 3484 Lemonia
851 3426 919 3484 Rufi
937 3425 1035 3485 funeri
1054 3426 1221 3504 remittere3
1244 3427 1350 3504 utique

176 3513 274 3571 locum
299 3513 436 3588 sepulcro
458 3512 489 3571 in
514 3531 618 3590 campo
642 3507 831 3595 111111111ηοῖ)
856 3513 887 3574 C.
912 3515 1011 3574 Pansa
1034 3516 1138 3574 consul
1162 3535 1214 3574 seu
1237 3536 1295 3592 quo
1319 3517 1350 3574 iu

177 3602 240 3660 loco
260 3601 412 3661 videbitur
429 3603 519 3679 pedes
538 3603 665 3680 triginta
683 3622 908 3680 quoquoversus
926 3603 1074 3682 adsignet,
1092 3624 1150 3679 quo
1170 3604 1233 3664 Ser.
1253 3604 1351 3682 Sulpi-

178 3689 239 3748 cius
258 3690 413 3767 inferatur,
437 3692 516 3769 quod
536 3694 704 3768 sepulcrum
728 3693 821 3768 ipsius
840 3693 1003 3753 liberorum
1017 3695 1266 3771 posterorumque
1286 3696 1349 3754 eius

179 3781 266 3852 esset,
285 3779 330 3837 uti
349 3782 427 3855 quod
448 3782 559 3857 optimo
578 3782 642 3841 iure
661 3782 778 3858 publice
797 3783 969 3860 sepulcrum
988 3782 1092 3842 datum
1111 3778 1212 3842 esset'

269 3896 294 3962 1)
313 3895 429 3950 edictam
446 3899 518 3966 qaod
536 3900 569 3952 dc
586 3900 733 3965 funeribus
745 3900 870 3954 babeant.
899 3900 939 3953 De
959 3899 1058 3953 edictis
1073 3899 1207 3954 aedilium
1223 3902 1350 3954 conferas

178 3964 348 4036 generaliter
366 3966 542 4036 disputantes
558 3970 681 4024 Thibaut
699 3970 774 4026 civil.
794 3969 933 4024 Abhandl.
948 3970 1031 4039 Vssl,
1050 3971 1205 4025 Mommsen
1221 3970 1260 4024 St.
1276 3971 1309 4024 It.
1325 3971 1351 4023 1³

178 4055 205 4106 p.
225 4041 277 4090 206
288 4053 348 4104 sqq.
369 4036 395 4089 11
417 4055 444 4106 p.
465 4045 587 4109 443111.
632 4040 763 4096 Edictum
792 4041 826 4096 de
850 4041 994 4096 funeribus
1023 4043 1105 4111 putes
1133 4042 1218 4096 fuisse
1241 4045 1351 4110 partem

179 4107 264 4163 edicti
284 4107 417 4162 aedilium
435 4109 578 4180 tralaticii,
597 4128 680 4180 qnam
699 4131 717 4168 a
734 4114 828 4168 nescio
852 4130 908 4182 quo
927 4111 1013 4168 aedili
1031 4113 1186 4168 confectam
1213 4130 1273 4167 esee
1292 4114 1350 4168 veri

179 4179 270 4235 simile
289 4182 332 4235 est
350 4179 502 4234 secundum
526 4181 559 4236 X.
579 4183 801 4240 decemvirorum
824 4186 958 4240 tabulam.
996 4183 1061 4239 Eius
1088 4185 1176 4238 multa
1200 4187 1351 4254 praecepte

270 4326 295 4392 1)
315 4321 378 4377 Non
397 4321 498 4378 inutile
516 4325 585 4394 puto
604 4324 739 4380 adnotare
758 4327 843 4381 etiam
863 4343 935 4380 anno
958 4331 1025 4382 losa
1044 4346 1070 4396 p.
1090 4325 1152 4382 chr.
1174 4326 1268 4382 ‘funus
1288 4345 1351 4383 cen·

180 4393 283 4447 serium
301 4394 461 4451 Alexandro
479 4393 611 4451 Farnesio
630 4396 792 4466 imperatori
810 4397 915 4452 invicto
935 4397 1116 4453 celebratum’
1137 4415 1198 4454 1111
1216 4401 1288 4456 11111
1307 4401 1348 4455 la-

180 4463 245 4532 pide
263 4467 338 4534 apud
356 4466 531 4524 Moreellium
549 4467 628 4523 lexic.
649 4467 736 4538 epigr.
756 4468 781 4522 ΙΙ
800 4487 826 4538 p.
847 4473 888 4522 67.
909 4468 943 4523 11.
964 4487 990 4537 p.
1009 4474 1068 4527 ³27.
